3934 5359
1003 396 1168 504 33⁸
1238 375 1243 380 ⁸
1492 389 1650 474 DE
1714 388 2261 470 Eccm-:stA
2324 383 3120 470 pincernam·-

856 526 1143 639 Gir'ach
1186 538 1532 623 Mirman
1584 539 1717 641 sup
1768 537 1995 618 licem
2051 535 2143 615 de
2203 531 2479 613 Sacelli
2548 533 3163 633 amplificatione·
3216 536 3582 626 libellum·

856 644 1481 730 Procuratoribus
1531 640 1816 721 obtuit
1858 695 1884 736 ‚
1953 637 2159 753 quod
2208 634 2360 750 suis
2409 635 2830 751 sumptibus
2881 638 2955 715 &
3008 636 3159 717 fine
3216 642 3572 725 Procura-

812 751 1031 867 ‘torii
1081 747 1262 849 juris
1315 744 1822 925 detrilmentm
1875 742 2001 857 vei
2054 764 2380 819 nummo
2451 736 2621 917 {er}
2649 740 3502 921 {eberegcprofitebatur
3542 804 3570 825 .

850 846 1491 1034 ξιῖεῗαὲῐῖἴέἔέἶῃ
1527 846 2679 1046 ‘3222'313'02253313325d1ss1
2699 864 3045 1062 5¹?⁵‚s’ept.‚
3069 869 3310 1028 2233
3352 868 3562 1052 523?

851 1054 1152 1134 Exinde
1196 1050 1509 1147 cuneta,
1561 1074 1724 1149 quae
1763 1074 1949 1150 opus
1992 1068 2206 1125 erant
2240 1102 2267 1142 .,
2295 1066 2546 1147 coepta
2570 1046 3092 1147 suntdtspom‘,
3143 1049 3387 1129 donec
3413 1057 3589 1131 Art-⁸

850 1183 958 1234 no
1014 1164 1218 1236 1682.
1276 1153 1621 1253 ligneum
1665 1151 1849 1229 novi
1877 1148 2190 1249 Templi
2215 1147 2691 1227 simulacrum
2749 1150 3188 1250 (modelurn
3231 1153 3564 1253 vocant)

534 1258 539 1271 '
682 1302 699 1311 -
839 1256 979 1338 fibi
1031 1257 1374 1337 oblatum
1423 1249 2575 1346 Procuratorescollaudatum,
2623 1250 2944 1350 &opere
2990 1251 3245 1355 perfici
3286 1280 3564 1334 annue·

842 1377 1075 1455 runt,
1129 1359 1269 1436 hac
1323 1377 1582 1434 tamen
1635 1354 1801 1453 lege
1856 1352 1908 1430 ss
1977 1352 2320 1432 Mirman
2387 1351 2693 1452 ejusque
2748 1353 2987 1432 Filius
3035 1354 3435 1436 catholicas
3482 1355 3564 1436 fi-
3682 1406 3686 1410 »
3793 1448 3811 1461 ⁶

847 1460 970 1541 dei
1048 1456 1573 1560 professionem
1622 1480 1880 1534 coram
1924 1456 2231 1534 Veneto
2277 1452 2704 1533 Patriarc'ha
2758 1452 3196 1535 emifissent.

945 1556 1213 1640 Simul'
1245 1584 1331 1638 ac
1379 1557 1796 1657 Templum
1850 1559 2072 1636 rebus
2126 1556 2346 1636 saeris
2397 1557 2538 1663 rite
2578 1558 2946 1636 obeundis
2997 1581 3340 1661 aptatum
3383 1559 3566 1660 finit,

840 1662 1001 1762 ejus
1040 1687 1221 1742 cura
1261 1661 1708 1743 demandata
1749 1656 1853 1739 est
1898 1661 2347 1760 Presbytero
2390 1658 2766 1760 Gregorio
2811 1662 3171 1740 Urachiel
3212 1661 3558 1742 Sacerdo-

833 1765 901 1845 ti
921 1761 1386 1857 Catholic0‚
1440 1785 1672 1863 utque
1696 1761 1977 1840 Veneti
2007 1761 2452 1839 Patriarchae
2499 1762 2990 1854 jurisdictioni
3019 1764 3369 1861 subesset,
3401 1765 3553 1843 san·

837 1866 1080 1947 citum
1137 1863 1285 1943 est.
1335 1860 1537 1945 Illud
1591 1862 1825 1942 etiam
1879 1862 2271 1959 additum,
2322 1861 2479 1971 ejus
2531 1862 2967 1943 successbres
3018 1866 3159 1943 effe
3211 1862 3559 1967 o'portere

698 2016 703 2017 f
832 1965 1334 2062 Catholicos,
1387 1991 1527 2044 nec
1570 1965 1703 2044 nifi
1730 1964 2086 2045 Armenis
2110 1968 2587 2043 Sacramenta
2642 1967 3198 2046 administrare:
3255 1971 3556 2046 Interea

831 2071 1362 2150 Procuratores
1408 2068 1598 2146 Divi
1648 2068 1896 2147 Marci
1966 2067 2080 2166 jus
2131 2068 2346 2145 suum
2426 2069 2503 2144 in
2553 2069 3019 2168 Templum,
3089 2069 3165 2146 8c
3216 2069 3552 2169 adjacen-

837 2191 1003 2251 tem
1057 2170 1370 2253 domum
1426 2189 1787 2265 tuentur,
1838 2169 1913 2249 8<
1954 2170 2365 2270 quotannis
2408 2170 2530 2247 die
2576 2199 2637 2269 3.
2689 2170 2885 2247 Maii
2931 2223 2957 2265 ,
3005 2194 3172 2270 quae
3216 2171 3552 2273 Templo

832 2271 1195 2353 sokemnis
1247 2270 1350 2348 est
1401 2269 1474 2349 8(
1531 2264 1948 2371 praecipua‚
2003 2271 2085 2348 in
2129 2269 2630 2372 Magistratus¹
2670 2270 2988 2347 formam
3044 2274 3302 2351 locum
3359 2271 3556 2352 invi·

792 2373 1054 2469 sunt,
1109 2398 1382 2474 eosque
1436 2372 1795 2451 Nationis
1840 2371 2281 2473 Praefestus,
2332 2373 2407 2451 8<
2450 2372 2840 2453 Asseffores
2891 2373 2985 2451 ad
3040 2373 3353 2476 Templi
3431 2399 3551 2452 ve·

829 2460 1246 2568 stibulum‚
1296 2474 1372 2553 8t
1426 2474 1663 2552 limen
1704 2473 2139 2575 excipiunt.
2349 2536 2357 2543 .
3557 2532 3564 2539 -

927 2572 1355 2676 Angustum
1396 2576 1707 2685 quidem
1762 2572 1867 2655 est
1913 2572 2332 2679 Ternp'lum
2371 2632 2398 2673 ‚
2451 2578 2573 2658 sed
2613 2576 2834 2681 plane
2875 2577 3177 2678 elegans
3226 2580 3305 2658 &
3343 2582 3550 2698 quod

820 2679 951 2758 vel
1004 2678 1252 2781 primo
1306 2677 1590 2757 intuitu
1634 2678 1975 2780 -p'laceat,
2034 2679 2223 2758 Tria
2275 2678 2357 2758 in
2412 2678 2551 2759 illo
2603 2703 2645 2756 e
2701 2675 2985 2759 selectis
3039 2678 3545 2763 marmoribus

713 2819 723 2829 ·
822 2781 1137 2880 surgunt
1181 2779 1476 2859 Altaria
1512 2838 1531 2857 .
1610 2782 1819 2859 Inter
1860 2801 2162 2861 caeteras
2203 2782 2590 2883 Reliquias
2644 2808 2807 2883 pars
2859 2781 3048 2881 ligni
3109 2784 3546 2865 Dominicae

821 2880 1102 2963 Crucis
1153 2881 1554 2984 conspicua
1606 2880 1711 2959 est
1752 2940 1771 2959 .
1825 2886 2240 2985 Quotquot
2296 2885 2420 2963 vel
2462 2885 2701 2963 Cives
2744 2939 2769 2979 ,
2823 2885 2944 2960 vel
2987 2884 3295 2964 advenae
3337 2912 3545 2967 acce·

822 2984 1049 3077 dunt,
1100 2986 1281 3063 dum
1335 2984 1534 3063 sacra
1575 2983 1828 3063 officia
1870 2987 2052 3082 su0‚
2093 3010 2247 3087 quo
2292 3007 2612 3064 utuntur
2635 2985 2785 3062 ritu
2811 2985 3128 3062 Armeni
3155 3008 3556 3089 peragunt,

814 3085 1287 3162 unanimiter
1320 3084 1723 3181 fatentur,
1758 3086 1884 3164 seu
1940 3087 2308 3167 sacrarum
2363 3088 2684 3165 vestium
2738 3086 3195 3184 mundities,
3244 3089 3316 3167 8(
3383 3091 3530 3168 ele-

817 3185 1124 3284 gantia,
1178 3184 1304 3262 seu
1359 3185 1511 3291 ipsa
1560 3184 1853 3267 rituum
1902 3188 2294 3285 Maiestas,
2346 3191 2471 3268 seu
2514 3188 2716 3291 quod
2770 3211 2992 3288 caput
3043 3189 3149 3269 est
3194 3190 3284 3268 in·
3314 3189 3537 3272 sacris

814 3285 1119 3369 Levitis,
1162 3287 1568 3384 modestia,
1619 3288 1694 3367 8<
1753 3288 1916 3406 pius
1969 3291 2209 3370 animi
2262 3290 2513 3370 fervor
2550 3288 2965 3392 spectetur,
3019 3292 3215 3370 nihil
3261 3293 3536 3373 melius

813 3386 1205 3469 defiderari
1248 3392 1444 3496 posse
1487 3390 1580 3471 ad
1623 3391 1777 3471 Det
1818 3399 2116 3475 cu3tum
2157 3414 2384 3499 atque
2425 3393 2877 3473 adstantium
2920 3392 3531 3475 aedificationem.

812 3638 1243 3811 Plebani
1314 3643 1785 3756 Ecclefiae
1868 3649 1963 3753 S.
2045 3642 2431 3822 Iuliani
2514 3642 2882 3754 ordine
2965 3640 3524 3753 chronolo-

1717 3846 1966 4005 gico
2051 3844 2641 4023 distributi.

827 4076 1038 4163 1222.
1091 4083 1196 4166 N.
1225 4083 1627 4169 „Plebanus
1662 4090 1732 4168 S.
1753 4090 2037 4190 Juliani
2060 4095 2368 4175 Castell.
2413 4099 2780 4186 Dioecefis
2823 4102 3172 4192 statuitur
3220 4112 3317 4192 ab
3358 4060 3544 4208 Hof

1203 4185 1427 4265 notio
1468 4190 1608 4305 Ili.
1657 4191 1905 4293 Judex
1951 4197 2368 4301 Delegatus
2409 4257 2435 4299 ,
2510 4226 2597 4285 ut
2648 4207 2941 4291 audiret
3013 4213 3092 4292 δε
3140 4210 3520 4294 decideret

1200 4286 1499 4368 causam
1553 4313 1754 4375 mter
1798 4297 2182 4381 Abbatem
2227 4303 2673 4387 Monasterii
2719 4310 2788 4390 S.
2834 4314 3150 4417 Georgii
3197 4315 3520 4416 Maioris

1199 4410 1297 4469 ex
1348 4412 1500 4471 una
1532 4448 1565 4491 ‚
1633 4395 1710 4480 8<
1772 4398 2217 4488 eanonicus
2269 4404 2922 4514 Iustinopolitanae
2959 4418 3374 4515 Ecclesiae,
3428 4440 3518 4501 ae

1952 4558 1959 4567 ί
2812 4617 2828 4626 ·
3051 4568 3064 4577 ,
3125 4560 3138 4571 .
3191 4547 3428 4625 quos,-
