3934 5359
949 423 1000 507 ‘2
1394 428 1559 512 DE
1620 426 2168 513 Ecctnsm
2231 424 2926 511 PARocuiam
3478 523 3514 546 ..

822 626 885 673 9,
929 573 1186 656 Sanffi
1243 575 1579 659 Silvestri
1632 581 1847 682 Papae
1886 634 1915 677 ,
1962 579 2039 658 8<
2091 576 2320 659 aliam
2365 579 2465 660 ad
2513 578 2887 660 honorem
2937 577 3010 657 S.
3051 575 3531 669 paterniani,

823 728 884 772 „
928 675 1011 754 8<
1061 669 1427 759 dederunt
1476 680 1565 760 in
1627 681 1741 761 eis
1792 678 2147 763 Ecclefiis
2194 680 2776 770 multitudinem
2851 680 3130 761 terreni
3203 679 3352 760 snve
3402 706 3531 759 au·

820 829 883 873 ‚‚
934 803 1101 860 rum
1125 835 1150 876 ‚
1204 779 1352 860 live
1400 803 1803 884 argentum
1832 837 1861 881 ‚
1898 783 1981 862 8<
2021 807 2329 863 omnem
2368 781 2967 866 Ecclefiafficum
2990 782 3526 864 indumentum

821 929 879 975 ‚‚
932 903 1070 978 pro
1122 881 1359 964 salute
1410 884 1840 964 animarum
1894 885 2241 964 suarum.

726 1005 737 1036 ’-
922 980 1334 1093 ᾼάῇαεεὺειῑ
1390 984 1570 1065 huic
1624 984 1975 1066 Ecclesiae
2026 985 2350 1088 Capella
2398 983 2787 1088 quaedam,
2945 1010 3002 1066 ae
3055 1003 3142 1066 ut
3193 1009 3289 1065 ex
3327 977 3524 1066 anti-

820 1103 994 1180 quis
1047 1082 1522 1167 documentis
1562 1086 1889 1184 constat,
1930 1086 2256 1185 Capella
2289 1087 2640 1166 onmium
2661 1097 2816 1166 San
2891 1115 3093 1165 orum
3147 1109 3528 1188 nuncupa·

826 1181 1094 1298 batur,
1144 1182 1529 1265 interdurn
1579 1187 1817 1266 etiam
1855 1194 1931 1264 S.
1930 1184 2283 1364 bloanm’s
2363 1214 2486 1266 tve
2526 1185 2872 1267 Omnium
2914 1187 3396 1282 sanam-um,
3439 1185 3523 1265 ἃ

821 1303 1057 1363 etiam
1120 1292 1194 1363 S.
1261 1285 1527 1366 Μανία
1587 1284 1930 1367 Pan-iare
1984 1312 2190 1366 arum
2261 1285 2362 1376 O*
2410 1285 2757 1367 Omnium
2801 1288 3240 1374 Sanft'orum
3293 1287 3526 1367 titulo

820 1382 1404 1485 insigniebatur.
1474 1388 1667 1469 Haec
1720 1408 1806 1467 ut
1847 1386 1980 1490 ipsi
2022 1388 2092 1468 S.
2135 1387 2473 1469 Silvestri
2517 1389 2862 1492 Templo
2889 1391 3363 1485 adhaerebat,
3415 1387 3525 1466 ita

817 1484 896 1563 &
939 1488 1254 1568 Plebani
1301 1488 1662 1589 regimini
1713 1488 2177 1589 subjacebat,
2283 1490 2359 1570 ui
2387 1513 2775 1596 propterea
2802 1490 3166 1587 Flebam,
3219 1488 3526 1568 &Prio-

820 1585 928 1668 ris
996 1588 1314 1700 gemino
1364 1590 1598 1671 titulo
1648 1590 2183 1671 decorabatur.
2227 1517 2698 1672 tl’erduravit
2751 1593 3134 1674 Sacellum
3169 1587 3525 1671 Ecclefiae

818 1690 1200 1770 adnexum
1256 1693 1482 1795 usque
1534 1689 1625 1769 ad
1680 1691 2032 1770 saeculum
2075 1713 2198 1769 xv.
2247 1716 2404 1794 quo
2455 1694 2546 1771 ad
2600 1691 2833 1772 finem
2887 1714 3244 1793 vergente
3291 1691 3550 1793 Aloy-‘

814 1791 959 1872 slus
995 1791 1353 1894 Bagattus
1410 1792 1779 1871 Plebanus
1831 1790 1904 1868 8<
1951 1790 2165 1870 Prior
2205 1846 2232 1888 ‚
2281 1813 2368 1872 ut
2418 1793 2772 1894 ampliori
2823 1793 3064 1895 spatio
3107 1792 3527 1893 Templum

819 1890 1262 1973 dilataretur
1311 1894 1396 1972 in
1450 1892 1671 1994 ipsius
1723 1891 1998 1972 Sacelli
2047 1891 2191 1972 fitu
2231 1894 2267 1991 (
2310 1915 2394 1974 ut
2445 1916 2630 1972 mox
2683 1894 3088 1975 dicendum
3141 1891 3333 1986 erit,
3388 1889 3524 1969 ubi

812 1993 908 2072 de
964 1992 1312 2074 Plebanis
1366 1995 1595 2075 verba
1646 1992 1983 2073 facienda
2037 1994 2328 2094 erunt)
2380 1995 2759 2075 Sacellum
2813 1994 3051 2092 majus
3091 1991 3340 2072 extrui
3395 1989 3527 2068 sta·
3593 2027 3600 2034 ·

806 2092 1016 2189 tuit,
1063 2094 1271 2196 quod
1321 2119 1509 2197 opus
1560 2093 2050 2195 magnificum
2105 2094 2413 2196 quidem
2467 2096 2542 2176 8<
2589 2093 3138 2178 ornatissimum
3188 2091 3526 2173 Andreas

740 2197 774 2225 ⁶
829 2193 925 2276 de
969 2194 1392 2277 Thebaldis
1445 2194 1600 2293 'ejus
1650 2196 2009 2277 successor
2061 2195 2429 2299 compleri
2484 2196 2822 2277 curavit.

919 2295 1269 2376 Ecclefiae
1324 2296 1602 2376 Parieti
1671 2321 1875 2377 nunc
1958 2296 2204 2377 etiam
2253 2297 2487 2377 infixa
2561 2297 2825 2378 visitur
2871 2319 3298 2378 marmorea
3368 2290 3548 2395 epi--

796 2396 1177 2500 *grapheQ
1226 2423 1391 2500 quae
1442 2398 2082 2479 consecrationem
2134 2399 2224 2478 ad
2273 2395 2710 2480 Alexxndro
2753 2399 2892 2478 ΙΙΙ.
2930 2400 3286 2477 Romano
3331 2397 3524 2475 Pon-

816 2498 1020 2579 tifice
1072 2500 1258 2580 dum
1299 2500 1659 2583 Venetias
1711 2502 2011 2602 degeret
2066 2500 2436 2602 peraelam
2491 2500 2698 2602 fuisse
2753 2498 3060 2580 testatur
3099 2553 3129 2597 ‚
3195 2522 3361 2599 quae
3412 2516 3521 2612 ta:

812 2624 998 2681 men
1050 2601 1142 2682 ad
1194 2601 1596 2703 antiquum
1632 2600 1984 2680 Omnium
2026 2601 2463 2681 sauciorum
2505 2599 2937 2700 Sacellum,
2973 2625 3131 2681 non
3185 2599 3280 2679 ad
3324 2598 3524 2675 Divi

807 2701 1156 2884 Sillxlrcsiri
1217 2702 1628 2786 Ecclesiam
1679 2703 2056 2809 pertinere
2097 2758 2125 2806 ‚
2215 2727 2318 2784 ex
2385 2699 2607 2808 ipsius
2680 2698 3190 2807 inscriptionis
3264 2695 3513 2777 verbis

812 2827 909 2884 co
974 2824 1250 2906 igitur.
3347 2896 3365 2912 ,

808 2951 815 2958 -
909 2960 967 3003 „
1019 2907 1139 2986 Ad
1195 2907 1565 2989 honorem
1618 2909 1863 2989 Beatae
1928 2905 2202 2988 Mariae
2254 2905 2858 2986 Patriarcharum
2906 2958 2933 2999 ‚
3002 2904 3077 2980 8c
3129 2903 3509 2979 Omnium

803 3059 862 3105 „
912 3005 1402 3106 Sanciorum,
1450 3010 1879 3092 consecrata
1932 3010 2077 3088 fuit
2115 3008 2449 3090 Ecclesia
2501 3007 2634 3085 ista
2685 3029 2818 3108 per
2860 3006 2962 3082 D.
2990 2997 3511 3110 Alexandrum

799 3153 861 3206 5,
915 3108 1189 3211 Papam
1230 3112 1369 3190 ΙΙΙ.
1424 3112 1545 3192 die
1597 3112 1845 3216 primo
1888 3110 2177 3193 Mensis
2221 3107 2688 3192 Novembris
2740 3105 2824 3186 in
2878 3101 3094 3183 Festo
3136 3103 3514 3178 Omnium

807 3260 863 3308 „
913 3210 1360 3293 Sanciorum
1413 3214 1866 3295 Mchxvn.
3383 3296 3403 3313 ,

902 3311 1141 3429 Circa
1191 3339 1478 3394 annum
1534 3345 1562 3396 1
1628 3345 1741 3397 22.
1797 3314 2364 3427 reaedificatam,
2413 3329 2639 3413 atque
2693 3336 2736 3390 a
2786 3308 3074 3423 Joapne
3116 3298 3516 3414 Delphmp

802 3415 1234 3500 Patnarcha
1274 3418 1576 3498 Graden
1680 3419 2187 3499 consecratam
2242 3413 2450 3492 smffe
2504 3417 2599 3492 eit
2650 3431 2982 3508 antiquis
3031 3406 3515 3486 documentis

796 3541 986 3597 mox
1038 3518 1436 3604 afferendis
1485 3520 1941 3614 edocemur,
1990 3517 2266 3617 quibus
2313 3515 2629 3593 Marcus
2683 3509 2986 3589 Landus
3035 3532 3240 3586 anno
3300 3527 3514 3617 ιρι.

798 3616 1235 3701 facultatem
1289 3622 1565 3723 Joanni
1626 3619 2073 3699 Patriarchae
2124 3613 2484 3697 conceffit
2528 3669 2554 3712 ‚
2606 3633 2692 3692 ut
2745 3608 3099 3691 Ecclefiae
3152 3608 3223 3685 S.
3278 3606 3517 3683 Silve-

791 3713 922 3798 stri
995 3746 1232 3825 nuper
1303 3722 1759 3804 reaedificatae
1813 3716 2401 3801 consecrationis
2447 3740 2732 3793 munus
2786 3709 3264 3815 impenderet
3306 3763 3342 3822 ·.
3379 3704 3507 3782 So-

790 3821 1129 3908 lemnem
1183 3821 1768 3912 consecrationis
1818 3819 2024 3900 diem
2076 3817 2442 3899 marmori
2494 3814 2818 3918 insculpi
2861 3811 3054 3913 juffit
3079 3807 3515 3889 Franciscus

761 3924 969 4005 -Sala
1013 3921 1382 4006 Plebanus
1428 3947 1634 4003 anno
1668 3929 1897 4022 «1650.
2651 3932 2665 3951 ·
3281 4011 3300 4028 -

893 4081 949 4124 „
1001 4027 1251 4127 Hujus
1288 4022 1639 4106 Ecclesiae
1676 4019 2299 4104 Consecrationis
2337 4020 2499 4101 dies
2552 4018 2994 4101 solemniter
3034 4013 3344 4115 singulis
3382 4031 3510 4117 an-

789 4181 845 4227 „
898 4126 1017 4209 nis
1065 4129 1491 4214 celebratur
1535 4147 1749 4204 xxw.
1792 4121 2158 4227 Augusti:
2214 4123 2615 4204 Francisco
2657 4121 2826 4201 Sala
2881 4120 3217 4198 Plebano
3268 4118 3505 4194 Anno

795 4284 851 4328 „
902 4228 1232 4309 Domini
1285 4228 1568 4306 MDcL.
3309 4313 3327 4332 .

895 4331 1023 4408 Ab
1045 4325 1637 4408 immemorabili
1661 4347 2003 4429 tempore
2025 4324 2529 4427 adjacentium
2552 4323 3060 4406 Ecclesiarum
3092 4321 3505 4400 Matricem

792 4428 1003 4510 fuiffe
1027 4429 1336 4527 constat,
1356 4453 1673 4533 eamque
1694 4428 2148 4533 dignitatem
2172 4427 2667 4570 Gradenfium
2688 4415 3517 4598 Conciliorumgpgsho-
