3934 5359
891 400 1421 494 S.'Mantffi
1492 410 2463 495 Consotartoms.
2727 432 2883 518 231

342 557 839 644 venetiarum
889 559 1355 639 authoritate
1407 560 1809 659 approbata
1859 557 2001 637 fuit
2054 559 2172 639 die
2196 556 2647 640 v.0&obris
2688 554 3019 659 ejusdem

345 664 567 743 anni.
628 663 973 740 Alterum
1024 686 1323 761 quoque
1375 684 1650 738 munus
1704 659 1926 759 idque
1965 657 2588 774 pretiostffimum‚
2638 662 2735 739 Θ
2787 659 3036 761 infini-

340 760 414 839 ti
454 756 738 839 valoris
787 760 1069 838 addidit
1121 760 1579 838 ornatiffima
1633 757 1931 849 Vidua3
1982 756 2122 837 duo
2166 784 2378 838 erum
2430 755 2739 864 frustula
2784 759 2877 839 de
2914 756 3031 837 vi-

321 859 578 962 -vifica
627 868 852 938 Cruce
901 856 1215 973 Domini
1260 856 1503 963 Nostri
1529 869 1604 963 J
1603 886 1724 937 esu
1741 857 2012 962 Christi
2029 914 2057 956 ‚
2100 888 2291 939 vera
2331 856 2505 941 adeo
2534 862 2982 962 probataque
3001 914 3029 956 ‚

333 984 422 1040 ut
457 960 530 1063 fi
562 958 902 1062 flammis
973 957 1504 1058 immergantur
1572 956 1957 1038 candorem
2012 958 2257 1060 utique
2327 960 2499 1040 inde
2560 961 2813 1061 ferant
2913 986 3031 1037 me

339 1059 824 1162 combustione
863 1116 889 1155 ‚
937 1083 1012 1139 at
1067 1087 1160 1139 ue
1217 1057 1492 1161 aliquos
1550 1054 1873 1158 Capillos
1923 1060 2016 1140 de
2051 1058 2367 1159 pulchra
2406 1118 2433 1159 ,
2502 1061 2601 1141 δ’
2652 1061 2828 1145 bene
2882 1061 3087 1138 1⁸6chw

331 1159 656 1260 Caesarie
703 1171 1036 1239 Immacu
1073 1185 1212 1240 atae
1245 1164 1540 1262 semper
1571 1160 1890 1258 Virginis
1921 1161 2073 1241 Dei
2091 1156 2485 1241 Genitricis
2505 1160 2772 1241 Maria
2792 1216 2820 1257 .,
2867 1164 3033 1262 qua:

329 1264 543 1341 sacra
595 1262 908 1361 pignora
960 1263 1049 1341 de
1101 1263 1396 1341 liberali
1450 1263 1823 1342 Francisci
1868 1263 2109 1343 Ducis
2162 1262 2658 1366 supralaudati
2701 1262 3035 1343 donatio-

333 1388 446 1441 ne
501 1361 634 1440 fibi
687 1384 1185 1463 provenerant
1241 1363 1400 1462 (F)
1457 1364 1734 1443 Veneti
1790 1365 2126 1443 Oratorii
2183 1364 2634 1467 presbyteris
2672 1361 2876 1442 dono
2916 1360 3042 1440 de-

339 1463 509 1555 dit3
564 1487 794 1562 eaque
847 1482 931 1540 ut
986 1464 1307 1562 publicae
1362 1464 1832 1543 venerationi
1876 1488 2432 1565 exponerentur
2484 1465 3040 1565 supralaudatus

340 1564 675 1662 Joanncs
746 1552 1154 1643 Baduarius
1231 1565 1655 1645 Patriarcha
1726 1566 2081 1644 conceffit
2154 1567 2275 1644 die
2352 1588 2526 1644 x111.
2583 1564 2787 1643 Maii
2839 1581 3080 1643 anno·

339 1666 897 1743 MDLxxxxm.
942 1664 1257 1743 Illustris
1313 1666 1686 1745 Matronae
1741 1667 2098 1767 pietatem
2162 1669 2551 1747 aemulatus
2604 1664 3041 1744 Franciscus

335 1766 870 1843 Maurocenus
922 1765 1107 1842 Dux
1178 1788 1405 1842 unam
1459 1764 1550 1843 de
1596 1764 2078 1869 Sanfiiffimis
2124 1763 2370 1864 Spinis
2419 1762 2731 1845 Domini
2799 1761 3043 1864 Nostri

317 1872 396 1966 J
395 1891 522 1942 esu
577 1861 845 1965 christi
863 1917 889 1959 ‚
938 1891 1162 1962 quam
1213 1865 1296 1941 in
1380 1860 1570 1945 atali
1619 1867 1969 1970 Cretensis
2020 1866 2225 1965 regni
2275 1864 2802 1965 oppugnatione
2842 1919 2867 1959 ‚
2921 1861 3044 1940 ubi

331 1987 530 2075 runc
570 1987 708 2062 pro
755 1970 1030 2042 Veneta
1078 1965 1327 2063 Repub
1362 1965 1481 2045 ica
1529 1968 1857 2068 supremi
1905 1962 2386 2047 Generalatus
2452 1964 2658 2046 vices
2711 1963 2978 2064 agebat
3005 2018 3036 2060 ,

337 2094 441 2145 ne
494 2091 582 2141 m
630 2063 1116 2142 Barbarorum
1168 2092 1429 2146 manus
1478 2068 1902 2167 deveniret,
1939 2091 2263 2167 ereptam
2320 2068 2680 2147 Venetias
2704 2122 2730 2163 ‚
2800 2086 2884 2143 ut
2918 2086 3049 2161 pu-

341 2160 568 2244 blicae
619 2163 1032 2243 adorationi
1081 2168 1570 2248 exhiberetur
1681 2175 2060 2251 'attulerat
2101 2226 2126 2266 ‚
2186 2164 2493 2249 Dileclis
2544 2164 3049 2245 Sacerdotibus

339 2263 952 2364 congregationis
1000 2267 1318 2346 oratorii
1365 2279 1439 2347 S.
1463 2226 1790 2368 Phiiippi
1838 2268 2051 2348 Nerii
2088 2269 2373 2367 pietate
2390 2325 2417 2366 ‚
2469 2267 2569 2349 Θ
2618 2261 3051 2365 exemplari-

342 2390 512 2447 κατε
571 2361 790 2444 claris
838 2368 1114 2445 donare
1169 2369 1551 2466 decrevit,
1603 2392 1686 2447 ut
1739 2371 1817 2446 in
1854 2372 2001 2471 sua
2039 2365 2359 2470 Ecclefia
2402 2397 2548 2469 qua
2600 2365 2868 2463 majori
2916 2392 3050 2443 va-

337 2460 598 2578 lerem:
645 2465 1065 2544 reverentia
1117 2495 1203 2545 ac
1237 2463 1625 2569 splendore
1697 2473 1726 2571 (
1767 2492 1989 2572 prout
2042 2498 2133 2547 ex
2185 2496 2426 2549 eorum
2494 2466 2849 2565 religione
2905 2463 3050 2576 fibi

327 2566 876 2669 promtttebat)
930 2565 1011 2644 in
1045 2566 1386 2665 futurum
1440 2571 1864 2667 servarent,
1908 2568 2258 2673 statisque
2308 2596 2616 2666 congrue
2671 2564 2916 2648 diebus
2971 2592 3050 2642 tn

337 2667 700 2750 honorem
749 2664 1166 2746 salvatoris
1214 2669 1457 2772 Nostri
1506 2668 1774 2774 Christi
1831 2671 2263 2772 suorumque
2316 2665 2666 2772 fidelium
2698 2664 3055 2769 spiritua·

336 2764 496 2849 lem
558 2762 966 2846 utilitatem
1008 2763 1302 2866 publice
1352 2764 1732 2848 colendam
1768 2828 1795 2867 ‚
1864 2770 1964 2853 (Ψ
2014 2772 2523 2850 venerandam
2576 2788 3049 2867 exponerent.

339 2869 838 2974 Ampliffima
893 2869 1260 2971 Principis
1314 2871 1482 2948 Viri
1540 2873 1847 2952 donatio
1899 2872 2193 2975 pendia
2246 2873 2386 2952 fuit
2432 2873 2551 2953 die
2574 2892 2787 2949 xxw.
2834 2866 3053 2968 Apri·

341 2973 446 3054 lis
501 2980 715 3073 1593.
769 2993 992 3072 atque
1044 2973 1166 3050 die
1219 2992 1430 3050 xxtv.
1485 2974 1943 3074 Septembris
1997 2976 2325 3072 ejusdem
2402 2973 2581 3053 anni
2636 2973 2839 3050 sacra
2886 2968 3056 3048 reli-

335 3075 531 3254 guia
589 3072 1078 3271 Ppggarchali
1130 3074 1592 3154 authoritate
1646 3078 1953 3177 publico
2028 3077 2467 3157 honoranda
2539 3075 2754 3157 cultu
2807 3095 3059 3174 appro-

401 3196 583 3252 atur
823 3232 841 3249 .

459 3275 558 3351 In
610 3299 706 3350 eo
754 3275 1005 3376 ita'que
1060 3276 1349 3372 studio,
1402 3297 1488 3356 ut
1540 3279 1826 3357 dierum
1881 3281 2031 3378 est,
2084 3278 2422 3360 Oratorii
2474 3277 2907 3359 Sacerdotes
2950 3292 3062 3351 to-

345 3374 466 3454 tis
522 3371 809 3453 viribus
861 3377 1067 3455 enixi
1125 3379 1414 3456 fuerant
1456 3434 1483 3471 .,
1556 3403 1642 3457 ut
1695 3381 2009 3459 Divinis
2062 3383 2335 3462 officiis
2389 3376 2824 3481 peragendis
2864 3428 2901 3472 2
2961 3373 3063 3448 sa-

335 3475 655 3574 crisque
708 3476 1210 3557 concionibus
1257 3478 1645 3558 audiendis
1697 3481 2066 3582 aptiorem
2120 3484 2374 3562 locum
2430 3481 2797 3579 erigerent
2842 3500 2866 3566 ς
2918 3494 3065 3572 qua

341 3578 448 3655 de
506 3576 770 3671 causa,
821 3600 983 3676 quae
1034 3580 1126 3657 ad
1178 3580 1352 3659 vitae
1407 3583 1899 3661 commodum
1953 3602 2383 3686 opportuna
2421 3602 2631 3659 erant
2679 3574 3063 3686 negligen-

345 3697 519 3772 tes,
573 3678 800 3777 usque
852 3679 944 3755 ad
996 3679 1242 3758 saeculi
1289 3682 1578 3761 XVIII.
1634 3684 2042 3784 primordia
2097 3685 2176 3763 in
2215 3681 2551 3783 obsguris
2579 3674 3061 3788 domunculls

339 3779 732 3878 degerunt
790 3779 938 3858 loci
992 3781 1377 3881 angustia,
1428 3782 1504 3860 δι’
1555 3809 1804 3863 rerum
1861 3785 2119 3887 inopia
2171 3786 2358 3864 adeo
2410 3778 2669 3861 ar6'tati
2714 3830 2739 3874 ‚
2792 3796 2876 3854 ut
2932 3799 3063 3852 unt

343 3904 632 3960 eorum
687 3879 1248 3962 Bartholomaeo
1301 3883 1536 3963 Gritti
1593 3885 1773 3965 dum
1843 3886 2213 3990 Praepofiti
2260 3908 2570 3964 munere
2631 3879 3067 3978 fungeretur

340 3982 680 4094 angulus
725 4007 858 4081 pro
898 3984 1305 4082 cubiculo,
1359 3984 1592 4066 storea
1645 4013 1779 4088 pro
1819 3990 2102 4091 pariete
2143 3987 2591 4068 deserviret.
2649 3980 2923 4081 Aspera
2970 3997 3067 4052 ta-

338 4104 545 4161 men
567 4101 744 4158 vltae
766 4084 1295 4181 incommoda,
1346 4104 1431 4164 ut
1480 4087 1822 4169 hilariter
1862 4090 2357 4190 sustinerent,
2392 4087 2709 4167 faciebat
2734 4106 2866 4175 ea,
2916 4099 3065 4175 qua

342 4183 454 4261 ad
514 4179 758 4256 Sanffi
792 4186 1139 4295 ,parentis
1192 4189 1627 4285 exemplum
1685 4190 1967 4290 praediti
2021 4215 2235 4272 erant
2312 4181 2836 4289 insuperabilis
2888 4177 3062 4254 cha-

340 4279 1066 4396 ritatispauentm
1118 4307 1452 4363 attamen
1499 4309 1583 4364 ut
1636 4288 1719 4369 in
1769 4293 2121 4371 laborum
2160 4312 2447 4393 partem
2491 4282 3066 4367 adsciscerentur

343 4382 468 4481 ii,
523 4406 656 4485 qut
701 4406 906 4464 novo
959 4384 1302 4467 instituto
1353 4389 1743 4489 aggregari
1793 4416 2070 4492 rnagno
2121 4393 2356 4471 anitui
2401 4391 2691 4471 fervore
2733 4373 3066 4556 {effisce‘

1215 4520 1224 4533 .
2793 4501 2834 4555 a
2943 4525 2970 4568 ‚
