3934 5359
989 436 1087 517 32
1463 412 1618 494 DE
1684 412 2234 494 Ecctsssta·
2295 412 2980 493 Patrocinari

858 563 1215 654 ficatum‚
1266 578 1490 659 atque
1544 558 1757 638 Divo
1812 558 2296 662 Hieronymo
2352 559 2670 641 Dostori
2724 562 3058 658 dicatum
3107 558 3300 637 olim
3331 556 3555 638 &Gi-

852 655 1131 740 rolamo
1175 657 1379 737 d'oro
1418 688 1491 739 a
1546 660 1805 762 ligneo
1857 663 2213 740 deaurato
2264 660 2513 740 Altari
2565 664 2952 743 dicebatur
2988 717 3016 757 ,
3089 659 3319 740 modo
3369 685 3551 739 vero

859 760 1057 841 Divi
1104 760 1479 841 Francisci
1531 761 1623 840 de
1679 759 1906 840 Paula
1960 787 2242 842 nomen
2295 760 2563 844 habet.
2613 766 2828 864 Cum
2884 787 3066 844 vero
3110 786 3202 842 ex
3241 760 3397 859 ejus
3420 761 3549 841 Al-

856 863 1038 942 taris
1087 862 1363 942 loculis
1415 862 1628 943 Beati
1693 864 2022 943 Gentilis
2065 864 2438 964 Martyris
2492 864 2772 967 lipsana
2826 865 2905 943 in
2956 860 3379 942 Sacrariurn
3431 862 3549 941 de·

849 964 1075 1044 dufia
1125 963 1455 1060 fuerint,
1506 964 1661 1044 sola
1710 964 1922 1044 Beati
1969 962 2345 1044 Francisci
2401 966 2574 1045 Ossa
2626 967 2708 1047 in
2757 964 3123 1068 praediffis
3177 962 3545 1043 deauratis

848 1065 1170 1163 loculis,
1223 1064 1356 1144 ubi
1409 1065 1611 1167 prius
1662 1065 2139 1166 quiescebant
2192 1063 2451 1143 relista
2503 1066 2852 1165 fuerunt,
2905 1064 3331 1146 inordinata
3382 1063 3546 1166 qui-

852 1166 1030 1247 dem
1085 1166 1451 1267 nulloque
1502 1165 1833 1269 apposito
1887 1167 2198 1247 nomine
2253 1189 2710 1266 connotata,
2761 1193 2855 1248 ex
2903 1194 3062 1269 quo
3112 1165 3390 1246 saan
3444 1157 3549 1242 est

845 1290 936 1348 ut
989 1267 1228 1348 traRu
1280 1269 1642 1369 temporis
1685 1267 2160 1347 Venerabilis
2224 1265 2394 1345 Viri
2447 1268 2815 1350 memoria
2865 1269 2938 1346 8<
2986 1267 3240 1348 cultus
3312 1265 3545 1366 etiam

850 1371 1047 1473 apud
1093 1369 1294 1548 {Psos
1345 1366 1799 1448 Coenobitas
1852 1369 2259 1450 tabesceret
2311 1368 2647 1468 primum
2682 1424 2710 1470 ,
2777 1395 2867 1450 ac
2918 1368 3187 1449 deinde
3242 1366 3545 1472 penitus

846 1489 1088 1552 evane
1120 1488 1322 1551 ceret
1344 1527 1361 1547 .
2667 1538 2675 1546 .

951 1568 1474 1651 Diverfimode
1526 1571 1619 1652 de
1670 1574 1843 1655 loco
1894 1572 2289 1676 sepulturae
2341 1575 2498 1675 ejus
2549 1575 2821 1655 sentite
2873 1571 3176 1654 videtur
3227 1570 3546 1649 Marcus

847 1672 1106 1753 Marci
1148 1670 1458 1753 Barbari
1511 1672 1712 1755 filius
1766 1675 1846 1755 in
1899 1677 2033 1756 suo
2084 1678 2378 1758 Codice
2432 1703 2568 1756 ms.
2623 1678 2705 1758 in
2756 1702 2909 1778 quo
2960 1669 3270 1773 antiqua
3322 1672 3551 1785 doc-u:

844 1793 1108 1854 menta
1153 1774 1250 1853 ad
1303 1773 1649 1856 Patritias
1701 1780 2170 1857 Venetorum
2229 1778 2584 1858 Familias
2654 1774 3108 1880 pertinentia
3181 1768 3548 1852 laudabili

849 1877 1113 1956 labore
1164 1876 1478 1976 collegit
1520 1906 1538 1956 ε
1612 1876 1699 1956 E'
1721 1875 2002 1977 sepolto
2066 1873 2204 1957 alli
2245 1877 2459 1958 Frati
2495 1875 2780 1958 Minori
2842 1874 2942 1956 ad
2984 1869 3134 1954 alto
3180 1869 3260 1950 in
3301 1865 3548 1974 questa

839 1973 1212 2077 sepoltura
1262 1972 1542 2055 dorada
1592 1976 1675 2057 ai
1710 1989 1780 2057 S.
1830 1975 2123 2078 Scipion
2162 1988 2386 2078 Bon,
2462 1970 2524 2058 il
2569 1975 2745 2080 qual
2789 1974 2843 2058 l'
2869 2002 3122 2057 aveva
3157 1972 3373 2076 satta
3411 1993 3546 2086 per

849 2070 1009 2173 lui,
1060 2104 1101 2156 e
1148 2070 1231 2155 la
1280 2074 1464 2156 dona
1518 2106 1565 2156 a
1613 2074 1781 2179 quel
1830 2102 2074 2179 corpo.
2128 2085 2495 2162 Attamen
2549 2082 2745 2163 hanc
2800 2072 3364 2183 praestantiffimi
3409 2075 3544 2149 Vi-

850 2178 923 2257 ri·
974 2179 1005 2278 (
1047 2179 1296 2258 Marci
1340 2179 1644 2259 Barbari
1687 2180 1715 2279 )
1790 2183 2262 2266 assertionem
2327 2182 2660 2264 falsitatis
2702 2181 2933 2262 evicit
2978 2180 3276 2260 interna
3321 2172 3544 2292 ipsius

847 2278 1167 2381 sepulcri
1220 2279 1626 2380 inspefflo3
1674 2281 2042 2383 fiquidern
2082 2285 2178 2363 ad
2220 2311 2503 2365 annum
2540 2292 2743 2366 1680.
2791 2287 2818 2385 (
2842 2303 2925 2363 ut
2968 2278 3216 2364 avitis
3241 2278 3543 2378 re11g10-

842 2379 932 2459 fis
986 2380 1203 2460 omni
1252 2381 1398 2461 fide
1449 2382 1891 2499 digniffimis
1942 2385 2267 2502 accepi)
2340 2407 2593 2488 aperta
2642 2388 2726 2465 in
2778 2383 3021 2465 ποθεὶς
3093 2378 3391 2460 filentio
3443 2376 3548 2492 se-

846 2481 1153 2582 pultura
1205 2483 1625 2563 uniusV1ri
1678 2486 1996 2565 cadaver
2030 2488 2485 2568 Minoritica
2539 2487 2737 2566 veste
2793 2487 3146 2565 indutum
3193 2496 3539 2583 apparuit

845 2601 1163 2685 utraque
1186 2609 1415 2663 manu
1434 2611 1721 2684 carew,
1737 2613 1901 2689 quae
1923 2588 2190 2668 omnia
2211 2589 2499 2691 optime
2524 2590 2757 2670 Beato
2782 2587 3108 2668 Pacifico
3129 2582 3416 2663 ibidem
3435 2578 3540 2657 se-

843 2683 1068 2785 pulto
1118 2687 1529 2769 convenire
1584 2690 2044 2787 noscuntur,
2094 2690 2306 2790 cujus
2357 2718 2629 2771 manus
2681 2710 3039 2793 argenteo
3093 2682 3382 2764 inclusa
3436 2697 3537 2757 ta-

844 2787 1255 2866 bernaculo
1302 2786 1508 2869 inter
1579 2789 1874 2870 sacrarii
1937 2791 2331 2893 Reliquias
2382 2793 2735 2874 decenter
2786 2793 3254 2881 asservatum
3306 2786 3540 2899 Anno

835 2887 1245 2968 millesimo
1298 2890 1815 2971 tercentefimo
1868 2892 2404 2994 septuagesimo
2455 2896 2784 2976 secundo
2839 2892 2961 2970 die
3008 2889 3254 2991 prima
3305 2881 3542 2983 Julu,

836 2988 964 3068 vel
1020 2988 1821 3092 potius'ultimaJunii
1862 3013 2292 3075 extremum
2345 2996 2548 3076 diem
2603 2993 2861 3076 obiisse
2899 2980 3541 3099 certiores-reddi-

838 3112 1017 3168 mur
1068 3114 1163 3169 ex
1208 3089 1308 3170 iis
1357 3117 1521 3192 quae
1556 3092 1640 3171 in
1665 3092 1951 3174 Diariis
1995 3097 2475 3186 aeconomicis
2499 3092 2951 3182 Monasterii
2987 3093 3057 3168 S.
3088 3087 3357 3184 Mariae
3376 3083 3541 3161 Ser—

830 3213 1109 3301 vorum
1164 3192 1256 3269 de
1300 3191 1643 3273 Venetiis
1687 3216 1945 3278 notata
1987 3196 2536 3293 inveniuntur,
2589 3198 2666 3280 ὃς
2706 3196 2864 3273 haec
2908 3193 3119 3271 sunt.
3185 3191 3543 3298 1372Ju·

830 3282 928 3369 lu·
975 3286 1097 3369 dte
1134 3301 1194 3369 Ι.
1240 3291 1476 3392 recepi
1513 3316 1646 3393 pro
1683 3290 2065 3396 sepultura
2104 3296 2421 3382 Domini
2471 3291 2922 3378 Patriarcbae
2957 3277 3178 3407 [αξῗα
3228 3314 3311 3364 m
3363 3293 3541 3365 Con-

837 3415 1075 3472 venta
1108 3401 1459 3473 Fratrum
1502 3394 1925 3477 Minorum:
1978 3401 2055 3480 8<
2105 3401 2386 3480 iterum
2423 3392 2684 3496 Luglio
2735 3398 2828 3474 da
2880 3396 2963 3473 F.
2990 3394 3210 3474 Piero
3261 3388 3404 3468 che
3459 3388 3538 3468 lo

833 3517 974 3573 ave
1029 3521 1155 3595 per
1206 3496 1282 3578 la
1332 3497 1704 3598 sepoltura
1755 3500 1849 3581 de
1894 3502 2188 3582 Miffier
2240 3504 2319 3581 lo
2362 3498 2793 3578 Patriarcha
2833 3486 2886 3578 l.
2914 3518 3037 3574 111.
3321 3587 3352 3607 r

933 3597 1118 3675 Haec
1168 3622 1450 3698 magno
1500 3600 1671 3681 sane
1725 3602 1982 3683 labore
2034 3604 2128 3681 de
2174 3603 2408 3680 Beato
2431 3599 2834 3679 Francisco
2882 3599 3022 3678 hac
3066 3594 3244 3675 illac
3268 3592 3535 3696 disper·

828 3695 902 3773 sa
922 3696 1283 3798 colligere
1334 3699 1605 3799 licuit,
1655 3702 1866 3802 cujus
1917 3703 2118 3803 gesta
2170 3701 2393 3781 nobis
2447 3721 2880 3803 temporum
2934 3695 3256 3798 injuria,
3307 3715 3533 3796 atque

825 3794 1235 3876 hominum
1290 3799 1584 3881 incuria
1621 3804 1965 3886 dolemus
2001 3823 2259 3901 erepta
2303 3802 2511 3884 fuisse
2536 3861 2557 3881 .

918 3900 1178 3977 Frater
1222 3900 1567 3985 Thomas
1619 3906 1710 3984 de
1754 3904 2136 4004 Frignano
2177 3903 2490 3986 Ordinis
2532 3904 2940 3984 Minorum
2963 3898 3356 3983 Generalis
3399 3919 3526 3973 an-

823 4023 929 4077 no
963 4027 1170 4100 1372.
1218 4003 1647 4084 Patriarcha
1697 4003 2179 4082 renuntiatur
2221 4060 2249 4100 ‚
2299 4005 2391 4083 de
2442 4032 2596 4108 quo
2632 4006 2945 4107 Ughell.
2994 4005 3322 4081 Tom.v.
3375 3994 3524 4075 col.

832 4125 1045 4201 1151.
1100 4102 1174 4181 8<
1225 4104 1356 4181 alii
1410 4108 1505 4183 ab
1546 4129 1639 4184 eo
1691 4102 1948 4183 citati.
2003 4105 2401 4208 Affumpto
2441 4108 2997 4187 Patriarchatus
3039 4128 3318 4196 onere,
3371 4123 3528 4178 om·

820 4226 920 4281 ne
961 4202 1347 4284 Pastoralis
1400 4203 1935 4284 sollicitudinis
2010 4204 2337 4286 studium
2412 4208 2495 4290 in
2549 4236 2643 4289 eo
2695 4206 3156 4311 potiffimum
3214 4200 3462 4306 posuit
3488 4253 3532 4309 ,υ

818 4326 903 4382 ut
940 4306 1287 4404 personas
1341 4299 1876 4413 Ecclestastic'as
1924 4304 2291 4410 utriusque
2343 4309 2568 4410 sexus
2599 4310 2756 4411 fhae
2815 4303 3229 4390 Provincia
3281 4295 3530 4378 muln-

809 4398 1034 4501 plicis
1083 4396 1557 4504 diſjoluttonis
1605 4402 1825 4490 vitiis
1873 4403 2293 4493 laborantes
2342 4439 2477 4514 per
2529 4411 2981 4496 visitationis
3034 4405 3376 4492 officium
3431 4399 3524 4479 ad

3214 4524 3415 4586 vete·
