3934 5359
991 436 1186 549 ‘314³
1437 416 1598 509 DE
1662 424 2203 507 Ecct'nsu
2267 394 2963 504 Panocnratr

972 581 1283 663 solitum
1333 576 1892 675 juramentum,
1948 567 2363 647 dummodo
2414 567 2498 646 in
2551 568 2885 648 absentia
2936 568 3087 648 sua'
3115 592 3246 671 per
3295 572 3566 656 Procu-

970 702 1303 765 ratorem
1355 676 1763 766 idoneum,
1815 670 1890 747 8<
1929 694 2108 751 cum
2144 669 2234 746 ad
2275 667 2689 750 Ecclefiarn
2740 669 2977 774 ipsam·
3015 673 3385 752 accefferit
3404 701 3569 754 cor-

972 780 1329 885 poraliter
1382 775 1571 856 illud
1627 770 1935 951 prestet.
1992 771 2139 849 Seu
2190 770 2393 871 quod
2446 769 2526 848 in
2551 769 2881 851 Ecclefia
2901 770 3346 851 Sanelorum
3368 780 3572 877 Apo·

971 883 1335 964 stolorum
1377 877 1468 959 de
1508 876 1622 953 Ur

972 983 1222 1065 dotale
1277 973 1723 1058 benefitium
1771 992 2300 1074 nuncupatum
2351 970 2556 1054 idem
2621 973 2942 1077 Jacobus
2990 972 3326 1055 noscitur
3376 976 3570 1055 obti-

972 1106 1194 1165 nere.
1250 1074 1631 1161 Volumus
1682 1093 1985 1169 autem,
2034 1073 2236 1179 quod
2287 1070 2675 1175 postquam
2730 1073 2989 1175 vigore
3096 1075 3388 1156 redifi'tae
3442 1098 3569 1155 no-

861 1182 881 1215 ³
976 1183 1136 1267 stra:
1187 1178 1443 1280 gratiae
1494 1173 1761 1281 prefati
1806 1174 2255 1257 Plebanatus
2307 1174 2811 1275 posfessionem
2869 1176 3030 1277 paci
3089 1202 3175 1255 ee
3224 1177 3574 1257 consecu-

975 1304 1099 1367 tus
1150 1279 1436 1359 dicium
1491 1298 1936 1378 perpetuum
1981 1274 2432 1355 beneficium
2472 1273 2968 1373 sacerdotale,
3017 1278 3219 1377 quod
3262 1302 3359 1357 ex
3392 1299 3574 1357 tunc

973 1407 1241 1465 vacare
1269 1378 1796 1473 decrevimus,
1836 1374 2039 1454 idern
2064 1376 2384 1477 Jacobus
2427 1395 2647 1479 prout
2691 1377 2785 1455 ad
2834 1377 2913 1457 id
2963 1379 3228 1480 sponte
3268 1379 3340 1459 se
3363 1382 3576 1458 obtu-

975 1484 1075 1567 lit
1124 1481 1449 1561 omnino
1498 1477 1882 1560 dimittere
1937 1498 2283 1559 teneatur
2326 1534 2344 1555 .
2401 1477 2788 1581 Quocirca
2836 1477 3272 1560 discretioni
3323 1478 3574 1559 vestrae

977 1608 1114 1691 per
1151 1577 1582 1683 Apostolica
1633 1577 1904 1684 scripta
1954 1577 2405 1659 mandamus
2452 1579 2778 1680 qualiter
2815 1581 2939 1659 vel
2982 1581 3182 1676 duo,
3236 1600 3369 1660 aut
3390 1604 3576 1660 unus

1679 892 1718 951 e
1762 870 2089 974 predista
2126 871 2333 975 quod
2368 871 2811 952 benefitium
2857 894 3305 976 perpetuum
3323 875 3572 956 Sacer-

826 1718 839 1736 ·
976 1683 1310 1764 vestrum
1363 1705 1493 1784 per
1543 1705 1728 1775 νος,
1779 1678 1905 1758 vel
1941 1703 2088 1779 per
2139 1679 2377 1760 aliurn
2412 1735 2440 1778 ,
2511 1679 2638 1760 seu
2689 1679 2890 1779 aiios,
2950 1681 3370 1785 predisturu
3422 1681 3578 1760 Ple-

981 1787 1350 1869 banatum
1402 1778 1750 1863 Ecclefiae
1791 1781 1863 1858 8.
1912 1778 2181 1859 Mariae
2225 1780 2598 1873 Formosa
2648 1806 2778 1886 per
2828 1807 2966 1863 vos
3008 1837 3034 1878 ‚
3084 1804 3170 1861 ut
3225 1782 3582 1885 premitti-

927 1942 936 1951 t
980 1905 1109 1983 tur
1160 1883 1671 1976 reservatum,
1721 1906 1900 1959 cum
1956 1880 2196 1982 ipsum
2244 1935 2273 1978 ‚
2323 1902 2409 1965 ut
2462 1881 2827 1985 prefertur
2879 1908 3143 2005 vacare
3195 1885 3581 1983 continge-

978 1986 1085 2070 rit
1137 1983 1386 2063 eidem
1428 1983 1711 2084 Jacobo
1761 2006 1938 2061 cum
1993 1982 2326 2080 juribus,
2377 1983 2452 2061 8<
2504 1983 2981 2087 pertinentiis
3051 1984 3200 2065 suis
3267 1983 3580 2063 atr-stori-

979 2107 1138 2173 tate
1177 2082 1432 2176 ¹nostra
1479 2079 1866 2177 conferre,
1914 2083 1992 2160 &
2043 2082 2397 2183 affignare
2446 2084 2726 2164 curetis
2767 2140 2793 2181 ‚
2847 2084 3293 2168 inducentes
3343 2111 3517 2166 eum
3556 2138 3585 2181 ‚

978 2188 1113 2265 vel
1166 2186 1739 2268 Procuratorem
1792 2182 2012 2264 suum
2062 2182 2221 2283 ejus
2275 2184 2587 2269 nomine
2655 2187 2737 2264 in
2789 2188 3261 2287 corporalem
3334 2185 3580 2287 poffes-

979 2286 1270 2379 sionem
1310 2285 1761 2369 Plebanatus
1802 2338 1828 2378 ‚
1877 2307 1965 2368 ac
2017 2282 2295 2384 jurium
2328 2338 2357 2377 ,
2428 2282 3178 2388 &pertinentiarum
3234 2286 3582 2391 poediaa-

979 2390 1157 2473 rum
1208 2410 1312 2473 ac.
1346 2382 1741 2469 defendere
1795 2384 2038 2486 ipsum
2111 2405 2372 2466 amoto
2423 2389 2520 2467 ab
2591 2413 2684 2467 eo
2737 2388 3081 2491 quolibet
3132 2390 3525 2471 detentore
3556 2443 3582 2483 ‚

982 2514 1071 2571 ac
1124 2486 1481 2573 facientes
1531 2484 1826 2593 ipsum,
1879 2487 2003 2568 vel
2046 2484 2333 2573 dietum
2381 2488 2955 2569 Procuratorem
3007 2516 3143 2595 pro
3194 2516 3288 2569 eo
3342 2489 3586 2569 ad-di-

921 2640 936 2667 κ
979 2587 1194 2671 stum
1237 2586 1730 2675 Plebanatum
1798 2607 1882 2665 ut
1935 2586 2042 2671 est
2093 2612 2259 2668 mos
2310 2589 2613 2685 admitti
2664 2588 2945 2691 fibique
2996 2591 3128 2706 de·
3158 2590 3380 2696 ipsius
3434 2590 3586 2668 Ple-

843 2756 850 2762 .
981 2690 1303 2771 banatus
1355 2687 1768 2783 fruEiibus‚
1817 2687 2278 2786 redditibus,
2331 2688 2826 2791 proventibus
2867 2747 3059 2770 .....
3107 2713 3408 2793 integre
3458 2691 3591 2770 res-

1085 2790 1341 2870 nderi.
1395 2791 1585 2873 Non
1635 2786 2105 2873 obstantibus
2156 2791 2514 2875 omnibus
2557 2788 3035 2891 supradicti&
3084 2792 3588 2873 seufieisdem

1059 2892 1256 2994 pisco
1311 2917 1359 2968 o
1408 2891 1484 2969 8(
1522 2888 1940 2992 capitulo,
1993 2890 2121 2970 vel
2171 2892 2544 2993 quibusve
2596 2892 3069 2988 comuniter,
3120 2894 3247 2972 vel
3291 2892 3583 2972 divifim

981 2994 1084 3071 ab
1133 3017 1177 3079 e
1276 3014 1418 3070 ern
1444 2990 1636 3078 Sede
1686 2990 2075 3077 indultum
2148 2991 2410 3076 existat
2461 2994 2667 3100 quod
2720 2993 3139 3093 interdici,
3190 2994 3524 3094 suspendi
3564 3047 3592 3089 ‚

982 3091 1114 3169 vel
1165 3090 1731 3177 excomunicari
1775 3142 1964 3173 .....
2018 3116 2149 3192 per
2202 3093 2492 3179 litteras
2530 3092 2999 3194 Apostolicas
3038 3121 3195 3175 non
3238 3093 3591 3173 facientes

1041 3190 1339 3291 lenam,
1387 3191 1464 3273 δε
1514 3191 1968 3292 express'am,
2019 3218 2107 3282 ac
2158 3193 2251 3272 de
2304 3196 2541 3275 verbo
2615 3193 2709 3275 ad
2763 3197 3084 3275 verbum
3133 3195 3227 3274 de
3279 3194 3589 3277 indulto
3674 3189 3689 3195 ’
3858 3180 3859 3183 ¹

1050 3289 1426 3388 ujusmodi
1477 3289 1949 3373 mentionem
1994 3351 2013 3372 .
2039 3351 2058 3373 .
2080 3350 2100 3372 .
2122 3350 2144 3380 ‚
2170 3351 2189 3372 .
2218 3293 2810 3380 contradiaores
2860 3295 3302 3377 auetoritate
3352 3294 3593 3377 nostra

989 3390 1501 3503 appellatione
1552 3389 1987 3495 postpofita‚
3490 3416 3497 3422 ·

975 3594 1535 3796 ¹m'12s211:>t{13111m..
1557 3630 1622 3680 ‚··.
1666 3596 1905 3683 Nono
1953 3597 2331 3679 Kalendas
2384 3596 2588 3681 Maii
2642 3596 3139 3681 Pontificatus
3188 3597 3423 3680 nostri
3472 3621 3587 3679 an-

992 3894 1523 3989 ExCarastico
1561 3897 1637 3985 s,
1681 3898 2016 3981 Martini
2051 3900 2333 3984 dicitur
2375 3901 2574 3985 Not,
2610 3844 2881 3986 curia
2921 3901 3599 4004 flauminum,

1288 3999 1367 4083 &
1418 3996 1566 4087 fuit
1619 3997 1854 4079 etiam
1909 4001 2162 4081 Presb.
2215 4000 2427 4080 Eccl.
2481 4001 2556 4080 S.
2608 4006 2921 4090 Nicolai
2944 4066 2965 4091 .

859 4148 864 4153 ·
906 4121 1120 4205 ³395·
1160 4096 1551 4191 ,Antonius
1602 4097 1955 4188 Francho
2014 4102 2438 4200 melanus,
2488 4101 2565 4185 ac
2605 4106 3247 4211 Archipresbyter
3264 4106 3575 4204 Cungre

1293 4201 1626 4315 gationis
1671 4199 1746 4279 8.
1801 4201 2082 4293 Mariae
2135 4203 2562 4291 Formosae.
2620 4210 2746 4293 Ex
2794 4209 3078 4293 catast.
3128 4204 3477 4289 Eeclefiae
3528 4146 3609 4294 S:

1295 4303 1736 4389 Geminum
1758 4360 1779 4387 .

3267 4435 3479 4517 ¹415·
