3934 5359
995 413 1150 492 292
1483 392 1636 475 De
1703 390 2245 476 Ecctasta
2309 390 3000 474 Paaocmam

825 578 864 599 .,
972 540 1062 618 Si·
1105 538 1283 619 fides
1359 540 1698 623 habenda
1751 541 1834 621 sit
1890 538 2349 633 Sansovin0‚
2400 538 2725 638 Ioannes
2778 537 3078 617 Sanudo
3150 533 3561 637 Episcopus

847 640 1327 719 Olivolenfis
1385 643 1573 721 hanc
1628 641 2036 720 Ecclesiam
2084 638 2555 719 reaedificavit
2598 640 2893 725 duobus
2943 638 3177 729 ferme
3232 636 3386 737 post
3439 638 3559 715 sa:-

871 741 1064 819 culis
1118 766 1390 842 nempe
1442 769 1642 821 anno
1667 750 1830 842 842.
1887 747 1991 821 At
2048 742 2446 843 Dandulus
2491 739 2569 816 in
2604 739 3041 819 Chronico.⁸
3065 736 3221 841 post
3272 761 3559 817 annum

879 847 1047 940 864.
1104 865 1346 921 narrat
1403 842 1809 921 Ecclesiam
1876 844 1944 920 S.
2006 841 2274 919 Mariae
2338 830 3137 918 Formosae·vet'ustate
3180 839 3562 920 collaben-

871 959 1024 1019 tem
1069 967 1112 1016 a
1154 943 1329 1022 filiis
1355 943 1643 1022 Marini
1669 943 1959 1021 Patritii
2004 941 2209 1020 fuisse
2230 940 2618 1021 reseffiam.
2674 941 2858 1019 Haec
2911 940 3043 1018 lib.
3071 960 3245 1019 vm.
3298 961 3559 1039 caps.

797 1045 820 1053 “
869 1063 1179 1139 part.1v.
1232 1054 1374 1121 Per
1421 1044 1546 1122 bos
1595 1042 1749 1123 dies
1798 1040 2120 1143 Ecctefia
2167 1051 2239 1120 S.
2270 1041 2534 1119 Mariae
2555 1040 2959 1155 Formgsae,
2993 1032 3147 1140 qiaae
3186 1043 3559 1140 vetustate

725 1186 732 1193 ι
851 1168 1070 1245 paene
1122 1145 1543 1244 consumpta
1594 1167 1802 1243 erat,
1865 1174 1912 1220 a
1945 1138 2144 1246 filiis
2196 1142 2492 1221 Marini
2531 1139 2841 1221 Patritti
2872 1135 3331 1241 cvnfhlidata
3392 1143 3550 1241 αβ.

859 1243 1088 1341 Apud
1139 1245 1450 1325 sanioris
1500 1247 1797 1327 critices
1849 1246 2181 1325 eruditos
2207 1244 2542 1323 Danduli
2578 1242 3045 1338 authoritas,
3083 1242 3361 1344 quippe
3403 1265 3555 1321 ma·

857 1349 976 1448 gis
1027 1346 1321 1447 antiqui
1375 1348 1449 1425 &
1500 1347 1831 1427 accurati
1874 1347 2319 1446 Scriptoris,
2372 1347 2600 1446 longe
2654 1345 3206 1446 praeponderat.

964 1448 1202 1524 Anno
1247 1455 1450 1526 1060.
1506 1449 1886 1528 Henricus
1910 1449 2124 1526 Vm.
2171 1447 2581 1549 Episcopus
2607 1444 3295 1525 Methamaucensts
3342 1447 3553 1526 Paro-

855 1543 1093 1633 chiali
1150 1547 1495 1628 Ecclesiae
1549 1551 1618 1628 S.
1678 1548 1945 1628 Mariae
2023 1549 2392 1628 Formosae
2448 1546 2945 1626 Venetiarum
3019 1544 3221 1625 ceffit
3277 1566 3553 1625 terram

817 1647 1261 1752 ,quamdam
1315 1649 1390 1727 8<
1441 1651 1748 1728 hortum
1806 1647 2128 1750 positum
2183 1650 2264 1733 in
2307 1646 2719 1744 Palestina,
2760 1673 2927 1748 ,quae
2964 1646 3224 1725 omnia
3266 1647 3363 1724 ad
3382 1647 3555 1727 Me·-

859 1750 1470 1830 thamaucensem
1525 1752 2059 1853 Episcopatum
2116 1750 2487 1852 pertinere
2537 1770 2759 1829 antea
2808 1749 3312 1828 contendebat
3357 1775 3383 1841 ς
3433 1773 3553 1827 cu-

859 1851 973 1948 jus
1025 1849 1364 1929 ceffionis
1418 1851 2002 1932 instrumentum
2060 1851 2460 1931 Dominici
2520 1850 2945 1930 Contareni
3010 1847 3255 1927 Ducis
3325 1873 3552 1926 manu

857 1950 1351 2050 subscriptum
1405 1977 1448 2029 e
1505 1953 1922 2032 Tabulario
1963 1951 2312 2033 Ecclesiae
2356 1954 2424 2032 S.
2472 1951 2746 2031 Mariae
2789 1949 3160 2028 Formosae
3199 1947 3553 2026 eduRum

852 2052 1229 2232 inlltaliae
1282 2051 1518 2133 Sacrae
1575 2056 1806 2133 Tom.
1849 2077 1920 2131 x.
1975 2055 2284 2139 affertur
2335 2053 2535 2134 inter
2586 2052 3074 2153 Episcopatus
3126 2048 3558 2150 antiquatos

858 2180 949 2235 co
985 2213 1002 2231 .
1069 2178 1229 2252 134.

828 2268 834 2273 '
960 2253 1323 2354 Contigit
1376 2280 1578 2337 anno
1652 2258 2058 2358 millesimo
2109 2258 2516 2339 centefitno
2565 2253 2840 2357 quinto
2912 2251 3409 2335 memorabile
3465 2250 3551 2331 il·

857 2356 992 2437 lud
1034 2356 1470 2439 incendium
1515 2361 1770 2458 quod,
1820 2382 1905 2438 ut
1946 2383 2215 2441 caetera
2252 2360 2657 2452 omittam,
2703 2350 3068 2437 Ecclesias
3093 2353 3557 2454 vigintiduas

856 2455 1326 2554 absumpsit,
1396 2461 1583 2538 adeo
1640 2484 1871 2540 vorax
1924 2465 2232 2541 flamma
2304 2488 2437 2562 per
2487 2459 2779 2538 Urbem
2836 2456 3109 2536 vidirix
3161 2454 3546 2534 discurrit.

852 2552 986 2637 De
1031 2584 1128 2639 eo
1178 2559 1588 2650 Dandulus
1632 2563 1762 2641 lib.
1785 2585 1892 2641 lx.
1946 2589 2102 2664 cap.
2126 2585 2232 2641 nt.
2287 2564 2382 2640 ad
2430 2578 2962 2658 annumqu.
3015 2558 3535 2659 f‘PeliLXIX.

845 2706 912 2769 ρ,
953 2657 1112 2741 dies
1162 2660 1426 2739 eadem
1475 2663 1722 2745 clades
1771 2687 1868 2742 ex
1922 2664 2277 2765 Hospitio
2315 2660 2729 2742 Cavetiani
2777 2661 2871 2738 de
2912 2659 3248 2738 Gemino
3300 2658 3547 2737 subor-

849 2808 911 2855 „
945 2780 1084 2857 -ta,
1127 2761 1546 2858 Ecclesia-s,
1591 2765 1666 2843 8(
1717 2764 2154 2844 habitacula
2204 2766 2276 2843 S.
2328 2762 2769 2855 Laurentii,
2819 2762 2898 2839 S.
2945 2758 3259 2855 Severi,
3306 2759 3377 2836 S.
3400 2759 3537 2834 Za·
3588 2846 3595 2859 ,

847 2911 908 2954 ‚,
953 2861 1278 2955 chariae,
1325 2863 1398 2941 S.
1454 2865 1805 2961 Proculi,
1877 2867 1948 2947 S.
2005 2863 2470 2961 Scolasticae,
2538 2865 2611 2942 S.
2671 2860 2947 2941 Mariae
2993 2859 3414 2961 Formosae,
3466 2859 3535 2937 S.

839 3013 898 3056 ‚‚
947 2961 1190 3059 Baffi,
1234 2962 1302 3039 S.
1403 2963 1689 3063 uliani,
1741 2992 1916 3046 cum
1973 2966 2290 3068 aliquali
2339 2988 2547 3067 parte
2588 2963 2931 3064 Capella
2976 2962 3052 3042 &
3094 2960 3359 3041 Palatii
3384 2960 3547 3038 Du·

838 3111 904 3155 ,ο
945 3063 1178 3177 “ffb
1226 3066 1336 3155 S„
1397 3066 1805 3163 eminiani,
1851 3069 1923 3147 S.
1953 3067 2297 3184 Moyfis,
2342 3063 3151 3165 &Maria-Jubenico,
3202 3064 3276 3143 S.
3305 3061 3540 3178 ,Matz-

837 3214 898 3256 „
947 3185 1160 3260 ritu,
1204 3165 1278 3242 S.
1331 3167 1659 3265 Angeli,
1711 3170 1782 3249 S.
1842 3167 2317 3264 Patermani,
2368 3170 2441 3246 S.
2498 3167 2819 3263 Vitalis,
2873 3167 2943 3245 S.
2996 3163 3413 3259 Samuelis,
3462 3163 3539 3242 S.

840 3312 898 3361 ,‚
949 3263 1347 3365 Gregorii,
1402 3265 1471 3342 S.
1527 3269 1855 3368 Agnetis
1888 3324 1915 3366 ,
1968 3272 2038 3353 Si
2094 3268 2429 3350 Gervasii
2463 3322 2490 3363 ‚
2535 3270 2606 3348 S.
2663 3269 3064 3363 Barnabae,
3120 3268 3192 3345 S.
3247 3263 3541 3361 Bafilii,

840 3414 897 3456 2,
945 3364 1016 3443 S.
1071 3365 1520 3468 Raphaelis,
1571 3369 1643 3446 S.
1698 3371 2012 3449 Nicolai
2064 3372 2155 3450 de
2211 3371 2697 3464 Dorsoduro‚
2746 3367 3033 3470 pariter
3074 3366 3538 3468 consumptae

836 3515 892 3558 ‚,
941 3462 1154 3547 sunt.
1209 3470 1448 3570 Quod
1495 3467 1677 3550 licet
1729 3471 2177 3552 incredibile
2232 3492 2536 3573 propter
2606 3471 2771 3568 ejus
2835 3467 3352 3550 extensionem
3426 3493 3543 3582 ap·

835 3615 889 3657 ‚‚
942 3589 1239 3681 pareat,
1290 3591 1819 3653 verumtamen
1871 3573 2454 3674 indagantibus,
2503 3572 2578 3649 8(
2632 3570 3029 3651 materiam
3081 3568 3538 3669 consumpti.-

834 3716 890 3760 υ
944 3668 1178 3751 bilem
1232 3670 1722 3756 aedificiorum
1796 3674 2439 3757 considerantibus
2494 3673 2651 3755 haec
2702 3673 2931 3774 digna
2983 3671 3226 3767 relatu
3279 3668 3555 3757 haberi,

833 3816 893 3860 υ
928 3768 1308 3869 Poffunt“.
1368 3776 1784 3878 Templum
1841 3779 1911 3856 S,
1972 3777 2241 3857 Mariae
2294 3777 2667 3857 Formosae
2822 3774 2925 3877 od
2976 3774 3054 3851 in
3098 3770 3388 3853 cineres
3426 3791 3538 3849 to·

819 3872 1345 3984 ‘tumpbierat
1399 3875 1688 3968 familia
1746 3879 2092 3959 Tribuna
2144 3881 2173 3979 (
2217 3877 2553 3957 Memmi
2608 3904 2707 3978 po
2766 3901 2856 3954 ea
2906 3870 3085 3953 dieti
3140 3873 3378 3969 sunt)
3430 3895 3541 3951 re·

835 3964 1130 4086 stituit,
1182 3975 1533 4057 ultimam
1591 3998 1844 4058 tamen
1898 4004 2219 4073 manum
2269 3977 2611 4056 admovit
2668 3974 3349 4057 Paulusssarbetta
3417 3997 3540 4069 an-

762 4136 783 4154 .
841 4091 949 4182 no
997 4075 1404 4157 millesimo
1453 4076 1864 4157 centefimo
1936 4077 2475 4178 septuagesimo
2525 4078 2797 4178 quinto
2837 4138 2856 4156 .
2934 4080 3237 4157 Notatu
3281 4096 3537 4153 autem

834 4169 1151 4284 dignum
1208 4176 1361 4273 est,
1413 4177 1496 4255 in
1548 4179 1697 4257 hoc
1750 4176 2069 4259 aedificio
2118 4181 2521 4280 quamdam
2575 4181 2815 4261 veluti
2868 4176 3026 4261 ima'
3076 4179 3283 4257 inem
3307 4177 3537 4275 Tent-

833 4270 945 4371 pli
1001 4274 1192 4355 Divi
1247 4278 1500 4356 Marci
1551 4278 1900 4359 exhiberi
1939 4335 1967 4377 ,
2048 4303 2267 4381 prout
2322 4279 2455 4363 sibi
2508 4282 2753 4384 operis
2804 4281 3005 4381 magi
3073 4305 3152 4360 er
3193 4334 3220 4379 ,
3292 4276 3369 4355 81
3419 4300 3536 4353 au·

831 4367 992 4455 &or
1044 4378 1492 4481 proposuisse
1543 4379 1889 4482 videtur,
1939 4382 2267 4486 demptis
2316 4403 2572 4467 tamen
2611 4382 2871 4481 atriis,
2918 4383 2993 4465 8<
3034 4378 3340 4559 ςκῑατζῗ)
3386 4388 3549 4478 Ρπ·’

3225 4503 3282 4561 ti
3348 4504 3435 4559 us
