3934 5359
1088 451 1249 532 232
1732 386 2903 501 Dt-:Ecctssstlt‘

953 582 1185 671 bant,
1236 572 1480 651 visum
1515 569 1636 651 -est
1685 568 1775 645 ad
1829 566 2016 644 aedes
2066 586 2377 662 quoque
2448 562 2773 662 privatas
2844 564 3099 667 aliquo
3148 569 3383 648 modo
3435 574 3629 653 exci-

950 679 1210 757 tandas
1264 673 1604 751 animum
1658 668 2022 763 adjicere3
2074 687 2250 745 cum
2305 686 2488 740 vero
2540 665 2631 741 ad
2686 686 2976 743 tantum
3031 694 3218 768 opus
3269 696 3420 748 non
3464 698 3625 752 rno-

940 779 1043 857 do
1094 772 1678 877 perficiendum,
1731 766 1854 847 sed
1904 765 1978 841 8(
2031 761 2542 842 inchoandum
2616 790 2804 864 opus
2855 768 3026 844 esset
3100 769 3431 866 praesenti
3498 798 3625 874 pe-

948 878 1223 970 cunia,
1265 872 1554 952 Divina
1575 865 2048 968 dispositione
2068 861 2347 956 saelum
2368 861 2517 958 est,
2560 884 2642 941 ut
2684 865 2757 941 8<
2795 866 3095 965 quidam
3145 895 3477 967 proceres
3520 876 3630 951 vi·

945 979 1014 1059 ri
1068 979 1161 1056 ad
1212 972 1644 1053 necessarios
1696 969 2033 1069 sumptus
2084 961 2565 1042 eleemosmas
2618 989 3058 1062 erogarent,
3108 969 3183 1045 8<
3232 972 3386 1047 duo
3437 974 3622 1072 opti-

939 1079 1054 1161 mi
1097 1077 1402 1173 juvenes
1443 1067 1863 1170 Georgius,
1913 1063 2622 1177 &Christophorus
2655 1066 2943 1144 Fratres
2980 1069 3387 1147 Savoldelli
3416 1125 3444 1166 ,
3490 1074 3621 1172 qui

932 1177 1361 1259 institutum
1418 1171 1610 1253 Divi
1664 1167 1999 1269 Philippi
2051 1167 2148 1245 ab
2189 1162 2502 1242 infantia
2552 1164 3010 1262 drlexerant,
3049 1168 3291 1246 eidem
3339 1197 3619 1253 nomen

933 1281 1250 1373 darent,
1298 1275 1374 1353 8<
1427 1272 1823 1350 meliorem
1877 1264 2317 1369 patrimonii
2368 1265 2481 1343 sui
2534 1285 2821 1364 partem
2873 1266 2955 1347 in
3006 1266 3332 1366 religiosi
3407 1272 3620 1351 aedifi-

913 1379 1048 1459 -cii
1102 1375 1512 1476 impensam
1567 1369 2074 1448 insumerent.
2131 1368 2445 1444 Paterna
2499 1365 2656 1444 haec
2706 1365 2858 1443 Dei
2912 1369 3385 1467 providentia
3438 1372 3617 1454 viris

935 1476 1270 1579 pecuniae
1323 1471 1576 1574 inopia
1627 1468 2142 1551 laborantibus
2206 1465 2497 1546 animos
2536 1519 2564 1562 ‚
2634 1465 2709 1544 8(
2758 1466 3233 1547 securitatem
3283 1471 3552 1569 adjecit
3589 1529 3617 1571 ‚

940 1602 1026 1656 ut
1078 1577 1520 1656 inchoatum
1594 1596 1780 1671 opus
1833 1570 2451 1670 prosequerentur
2492 1620 2519 1660 ,
2589 1566 2788 1665 quod
2844 1569 3150 1647 tandem
3202 1570 3614 1669 perfeetum

935 1679 1041 1757 est
1093 1703 1248 1756 non
1303 1671 1694 1774 augustum
1748 1670 2055 1769 quidem
2091 1721 2119 1764 ,
2170 1666 2290 1745 sed
2346 1688 2509 1744 tum
2562 1665 2989 1778 animorum
3043 1671 3541 1752 moderationi
3591 1729 3620 1770 ,

935 1800 1106 1857 tum
1158 1773 1480 1856 instituti
1535 1771 1782 1851 usibus
1833 1788 2394 1870 opportunum3
2467 1765 2825 1867 siquidem
2897 1768 3310 1849 laxioribus
3362 1773 3611 1871 spatiis

936 1876 1429 1971 Oratorium,
1478 1873 1554 1950 δε
1605 1870 2161 1950 Bibliotecham
2184 1887 2662 1964 extruentes,
2709 1868 2912 1966 quod
2953 1869 3276 1970 reliqum
3320 1870 3464 1951 fuit
3507 1875 3613 1953 lo·

929 1979 1006 2061 ci
1077 1976 1320 2061 ειτὸἱίςχ
1367 1971 1741 2055 cubiculis
1811 1969 2262 2069 assignarunt
2304 2026 2322 2044 .
2354 2014 2363 2023 -
2399 1970 2569 2047 Nec
2642 1989 2898 2046 tamen
2948 1971 3161 2048 tenui
3234 1972 3381 2051 hoc
3436 1973 3608 2055 vitae
3678 2033 3687 2041 -

927 2076 1385 2171 commodo,
1436 2094 1565 2152 aut
1616 2069 2223 2157 mortificationis
2274 2067 2647 2163 studium,
2700 2088 2828 2181 aut
2880 2067 3175 2150 fervens
3223 2071 3610 2156 charitatis

926 2179 1148 2259 ardor
1168 2174 1587 2269 deferbuit,
1637 2171 1997 2272 siquidem
2051 2169 2424 2248 virtutum
2476 2167 2882 2264 exercitia,
2931 2170 3008 2248 8<
3057 2172 3319 2250 alienae
3357 2174 3609 2254 salutis

923 2279 1183 2371 zelus,
1233 2276 1316 2353 in
1366 2301 1459 2354 eo
1511 2270 1822 2353 fervoris
1871 2270 2138 2372 spiritu
2189 2268 2436 2349 adhuc
2488 2269 2957 2369 perseverant
3001 2325 3032 2369 ,
3074 2297 3303 2373 quem
3349 2277 3449 2354 ab
3500 2300 3611 2356 or-

925 2376 1322 2467 natissimis
1371 2372 1891 2455 fundatoribus
1931 2388 2378 2472 acceperunt
2402 2424 2420 2445 .

922 2581 1241 2691 Series
1322 2580 2115 2731 Praepofitorum
2180 2575 3064 2734 Congregationis
3130 2580 3601 2687 Oratorii

1002 2741 1686 2881 Venetiarum
1720 2822 1750 2876 ,
1810 2776 2264 2889 quorum
2321 2736 2787 2890 regimen
2851 2734 3344 2845 triennale
3407 2735 3597 2846 est.

915 2986 1131 3081 1663.
1184 2985 1616 3065 Hermanus
1668 2979 1955 3060 Stroiffi
2009 2978 2415 3058 Patavinus
2464 2976 3168 3078 Congregationem
3239 2983 3439 3061 rexit
3490 3007 3602 3060 us-

1308 3107 1460 3183 que
1513 3083 1603 3158 ad
1651 3104 1937 3159 annum
1994 3085 2203 3177 1675.
2256 3083 2548 3163 Iterum
2599 3077 2882 3169 eleetus
2932 3105 3131 3161 anno
3184 3090 3386 3181 1683.
3441 3107 3602 3183 per-

1314 3181 1685 3262 severavit
1755 3180 1840 3259 in
1890 3204 2205 3259 munere
2281 3181 2509 3278 usque
2560 3179 2653 3256 ad
2703 3177 2860 3276 ejus
2908 3184 3406 3261 emortualem
3481 3208 3605 3261 an-

1369 3306 1499 3361 um
1553 3289 1759 3384 1693.
1827 3280 1907 3371 ,Is
1945 3337 1975 3377 ,
2044 3305 2272 3381 quem
2327 3282 2624 3359 Veneta
2690 3282 3029 3361 oratorii
3079 3282 3600 3385 Congregatio

1381 3382 1871 3478 undatorem,
1922 3383 2319 3461 &Patrem
2374 3379 2765 3481 agnoscit,
2810 3383 3098 3465 Patavii
3120 3405 3331 3464 ortus
3372 3413 3417 3464 a
3508 3382 3597 3462 ri-

1308 3484 1459 3564 mis
1507 3484 2029 3564 adolescentiae
2079 3483 2223 3561 suae
2260 3482 2477 3565 annis
2521 3480 2863 3560 Venetiis
2909 3483 3244 3563 Piffloriae
3267 3484 3414 3564 arti
3433 3410 3600 3564 ger-

1263 3585 1538 3665 ,nardo
1581 3583 1923 3666 Strozzio
1978 3585 2429 3682 Presbytero
2468 3581 2838 3680 Januense
2886 3583 3251 3684 Magistro
3291 3610 3601 3687 operam

1304 3684 1555 3765 dedit.
1609 3683 1977 3765 Liberalis
2034 3682 2252 3781 hujus
2304 3682 2481 3761 artis
2535 3681 2777 3761 studio
2826 3684 3183 3765 eximiam
3236 3686 3605 3788 pietatem

1299 3786 1766 3887 conjun‘gens
1817 3785 1899 3864 in
1950 3782 2404 3863 Christianae
2455 3783 2760 3863 virtutis
2809 3787 3189 3867 exercitiis
3238 3790 3421 3883 adeo
3471 3811 3605 3864 ex·

1299 3887 1570 3966 celluit
1603 3942 1632 3982 ,
1686 3907 1770 3964 ut
1822 3885 2169 3985 Gasparis
2220 3884 2679 3963 Columbini
2735 3885 3113 3967 Patavinae
3163 3890 3604 3989 Congreget-

1296 3987 1536 4067 tionis
1576 3986 1916 4065 Oratorii
1957 3983 2434 4083 Presbyteri,
2483 4009 2709 4085 quem
2762 3985 2900 4065 fibi
2952 4012 3203 4067 rerum
3256 3988 3600 4088 spiritua-

1291 4088 1488 4168 lium
1529 4087 1846 4180 ducem,
1897 4110 1985 4162 ac
2026 4086 2578 4164 moderatorem
2632 4085 3005 4188 elegerat,
3062 4090 3369 4168 hortatu
3414 4090 3599 4170 Cle-

1286 4188 1505 4268 ricali
1558 4184 1855 4267 militiae
1912 4209 2195 4265 nomen
2248 4185 2582 4284 dederit,
2632 4208 2856 4289 atque
2910 4189 3377 4289 trigesimum
3430 4212 3597 4270 aeta·

1292 4289 1392 4367 tis
1443 4311 1729 4402 annum
1784 4311 2010 4388 agens
2063 4287 2154 4366 de
2207 4288 2706 4388 amplexando
2745 4289 2940 4367 Divi
2985 4291 3322 4393 Philippi
3366 4291 3593 4372 Nerii

1296 4387 1643 4469 instituto
1692 4387 1885 4470 serio
1957 4388 2449 4490 cogitaverit.
2526 4389 2772 4491 Igitur
2822 4390 3004 4477 dum
3057 4393 3150 4475 de
3220 4395 3400 4474 loco
3449 4392 3591 4470 eli-

3301 4517 3482 4595 gen-
