3934 5359
1717 264 1756 299 l

994 467 1158 556 320
1418 436 1576 525 DE
1639 434 2185 519 Ecctsssrn
2250 428 2941 516 Panocnrur

960 594 1261 676 Festum
1305 590 1374 668 S.
1417 586 1702 690 Juliani
1746 581 2117 684 Martyris
2167 606 2263 662 eo
2312 581 2514 678 ritu,
2562 581 2637 661 8<
2691 606 2961 684 pompa
2996 636 3023 678 ‚
3071 581 3284 684 queis
3336 585 3562 667 Titu-

861 697 1138 778 larium
1191 689 1708 772 solemnitates
1758 706 2134 786 aguntur,
2183 681 2606 763 celebratur
2647 681 2729 760 in
2752 681 3082 763 Ecclesia
3122 684 3246 764 die
3272 709 3405 765 vn.
3448 691 3569 788 Ja-

856 795 1107 876 nuarii
1133 849 1159 890 ‚
1209 817 1358 893 qua
1396 792 1833 868 Romanum
1882 782 2536 887 Martyrologium
2580 783 3024 879 memoriam
3071 783 3286 865 affert
3324 787 3563 884 cujus·

855 898 1034 976 darn
1075 896 1148 974 S.
1185 889 1467 992 Iuliani
1514 884 1883 988 Martyris
1939 883 2058 963 his
2099 882 2389 962 verbis:
2442 879 2714 961 Eodem
2765 876 2887 962 die
2925 892 2998 960 S.
3018 878 3335 985 Juliam‘
3355 894 3565 965 Mar-

859 993 1087 1101 gyris.
1142 995 1434 1072 Verum
1507 1013 1687 1068 cum
1739 986 1831 1064 de
1886 984 2033 1099 hoc
2101 984 2313 1062 Mart
2373 1009 2450 1064 re
2526 1008 2807 1065 nomen
2885 988 3422 1065 tantummodo
3471 1010 3562 1065 ex

857 1092 1104 1177 veteri
1125 1096 1477 1172 Romano
1503 1086 2070 1187 Martyrologm
2092 1084 2286 1163 dedu
2367 1109 2492 1162 um
2540 1084 2890 1185 superfit,
2940 1087 3241 1185 quando
3278 1108 3579 1185 autern,

858 1197 935 1274 3<
979 1195 1112 1274 ubi
1154 1192 1384 1297 paffus
1427 1189 1564 1284 fit,
1591 1189 1880 1280 lateat,
1931 1203 2019 1263 ut
2050 1182 2138 1262 in
2159 1182 2779 1265 annotationibus
2802 1186 2892 1263 ad
2918 1186 3128 1265 Mart
3188 1186 3568 1287 rologium

851 1299 1311 1375 Romanum
1352 1289 1591 1368 asserit
1629 1284 2061 1367 Cardinalis
2082 1282 2495 1383 Batonius,
2534 1310 2640 1363 ‚ex
2694 1285 3082 1386 aequ'ivoco
3152 1287 3403 1367 aetum
3449 1314 3569 1390 pu-

865 1417 1001 1491 to,
1053 1417 1139 1474 ut
1192 1393 1348 1472 dies
1399 1388 1710 1489 septima
1763 1412 1897 1487 pro
1948 1386 2069 1465 die
2123 1409 2324 1466 nona
2364 1384 2699 1485 Januari‘i
2751 1387 3137 1468 solemniis
3188 1388 3569 1469 celebran-

862 1497 980 1577 dis
1031 1492 1380 1594 assignata
1430 1488 1704 1568 fuerit:
1759 1484 2116 1586 liquidem
2174 1485 2326 1587 ipsa
2378 1485 2499 1565 die
2556 1511 2758 1565 nona
2797 1488 3157 1567 recolitur
3200 1488 3568 1568 memoria

853 1596 948 1676 in
1004 1593 1353 1673 universo
1391 1588 1710 1669 Oriente
1764 1585 2258 1667 celeberrima
2312 1588 2381 1665 S.
2423 1585 2709 1687 Julian‘i
2754 1588 3227 1669 Antiocheni
3271 1589 3568 1690 Marty-

862 1697 1018 1793 ris,
1066 1693 1199 1795 qui
1251 1691 1411 1795 post
1459 1689 1976 1781 conservatam
2033 1687 2112 1767 in
2155 1687 2664 1766 Matrimonio
2716 1710 2811 1765 ex
2862 1711 3135 1769 mutuo
3208 1715 3388 1773 cum
3444 1690 3571 1768 Ba-

861 1796 1082 1879 filiffa
1147 1794 1524 1895 conjunge
1578 1787 1855 1869 affensu
1909 1786 2286 1881 illibatam
2342 1787 2942 1888 Virginitatem,
3017 1790 3323 1875 tandem
3377 1814 3574 1872 acer·

858 1893 1177 1979 biffirnis
1228 1892 1604 1974 cruciatus
1656 1887 2056 1970 tormentis
2109 1887 2373 1990 capitis
2426 1888 2855 1977 abscissione
2883 1890 3354 1991 Martyrium
3399 1917 3573 1973 con·

862 1994 1238 2076 fumavit.
1295 1994 1414 2072 Ad
1470 1990 1773 2089 hujusce
1825 1987 2167 2068 veritatis
2211 1987 2727 2066 testimonium
2774 1992 3086 2091 parietes
3111 1991 3576 2071 SacelliMa-

861 2096 1047 2206 joris
1100 2094 1377 2174 tabulis
1428 2111 1840 2185 ornantur,
1890 2087 2166 2205 quibus
2210 2087 2400 2167 Acia
2439 2089 2719 2186 Juliani
2762 2091 3233 2180 Antiocheni
3280 2074 3579 2193 Matty-

863 2196 979 2293 πίε
1030 2195 1530 2291 exhibent-ur.
1582 2191 1972 2289 Congrmt
2015 2188 2385 2303 Officium
2440 2189 2629 2303 olim
2674 2215 2715 2267 a
2758 2192 3169 2272 Clemente
3193 2194 3415 2277 VIII.
3465 2192 3575 2271 vi-

863 2321 987 2387 {vae
1040 2292 1253 2374 vocis
1305 2292 1614 2378 oraculo
1664 2290 1759 2368 ad
1801 2289 2190 2380 Laurentii
2237 2288 2667 2373 Cardinalis
2694 2289 2925 2370 Prioli
2954 2292 3399 2379 Patriarchae
3424 2295 3576 2371 Ve-

869 2395 1257 2478 netiarum
1311 2416 1562 2495 preces
1617 2414 1750 2492 pro
1803 2391 2108 2468 Veneto
2160 2389 2396 2478 Clero
2450 2392 2928 2485 conceffum3
2999 2396 3091 2481 In
3146 2419 3238 2473 eo
3289 2394 3574 2477 etenim

870 2497 1071 2592 ,Aeta
1107 2498 1178 2576 S.
1220 2492 1502 2594 Juliani
1547 2489 2019 2570 Antiocheni
2069 2489 2445 2570 Monachi
2491 2544 2517 2589 ,
2558 2492 2643 2573 Β(
2689 2492 3058 2595 Martyris
3111 2492 3195 2572 in
3247 2493 3576 2580 Matuti-

869 2622 1007 2687 nas
1056 2595 1451 2677 Lefflones
1504 2590 1894 2672 distributa
1948 2591 2346 2692 leguntur.

972 2698 1094 2778 Ad
1151 2696 1369 2796 hujus
1423 2691 1737 2795 Templi
1789 2712 2147 2770 ornatum
2202 2692 2497 2779 labores
2551 2694 3255 2782 suoscontulerunt
3309 2695 3576 2777 Vicior

872 2798 1267 2895 Bellium,
1308 2795 1645 2875 Leander
1678 2793 2076 2887 Dasianus,
2127 2792 2431 2899 Palma,
2480 2793 2761 2896 aliique
2815 2795 3290 2875 laudatiffimi
3349 2796 3585 2876 Piero·

779 2926 790 2931 ·
867 2924 990 2981 res
1034 2954 1062 2998 ‚
1106 2924 1295 3000 quos
1367 2895 1569 2974 inter
1624 2894 1899 2985 Paulus
1950 2891 2366 2972 Calliarius
2432 2895 2881 2975 Veronensis
2924 2897 3317 2977 Christum
3370 2896 3571 2981 inter

865 2999 1271 3115 Apostolos
1323 2993 1923 3075 discumbentem
1980 2993 2062 3071 in
2104 2993 2398 3073 Sacello
2439 2995 2560 3073 SS.
2606 2997 3120 3094 Sacramenti‚
3169 3019 3391 3100 atque
3435 2995 3571 3076 Di-

870 3123 962 3179 vi
1006 3095 1471 3198 Hieronymi
1540 3094 1873 3195 effigiem
1925 3093 2010 3171 -in
2065 3094 2321 3173 tabula
2373 3094 2465 3173 ad
2517 3096 2866 3187 Ecclefiae
2916 3099 3279 3200 parietem
3349 3097 3572 3181 affixa

884 3199 1180 3303 optime
1233 3194 1621 3299 expreffit.

980 3298 1333 3391 Clariora
1385 3318 1642 3376 tamen
1683 3294 2032 3381 Ecclefiae
2073 3315 2513 3376 ornamenta
2554 3321 2647 3376 ex
2692 3297 3075 3385 Divorurn
3120 3299 3426 3403 lipsanis
3466 3299 3578 3380 de-

877 3400 1235 3499 sumenda
1289 3400 1512 3492 sunt3
1561 3395 1923 3507 siquidem
1979 3418 2469 3502 praeterquam
2514 3399 2727 3499 quod
2777 3426 2862 3479 os
2900 3402 2969 3478 S.
3018 3400 3393 3481 Titularis
3445 3400 3579 3499 sui,

878 3523 1105 3607 atque
1158 3499 1364 3582 aliud
1417 3496 1692 3605 pariter
1743 3524 1827 3579 os
1878 3496 2075 3577 Divi
2116 3498 2454 3578 Floriani
2495 3497 2999 3580 Lauriacenfis
3052 3501 3428 3603 Martyris
3477 3527 3581 3581 ar-

753 3692 760 3697 ,
876 3622 1160 3711 genteo
1213 3600 1499 3680 inclusa
1551 3599 2041 3685 tabernaculo
2096 3597 2452 3700 possidet‚
2503 3624 2771 3707 corpus
2821 3600 3123 3703 quoque
3164 3604 3237 3681 S.
3282 3606 3582 3689 Germa-

876 3703 967 3782 ni
1001 3698 1372 3803 Martyris
1414 3702 1549 3779 sub
1572 3725 1696 3778 ara
1737 3699 2006 3799 majori
2052 3699 2466 3804 honorifice
2492 3702 2955 3792 tumulatum
2998 3702 3357 3801 asservat,
3399 3704 3585 3786 mul·

878 3803 1132 3907 tisque
1177 3823 1525 3905 praeterea
1564 3801 1847 3880 ditatur
1888 3797 2337 3881 sanaorum
2379 3799 2819 3905 fragmentIs
2870 3803 2962 3882 ad
3006 3828 3164 3884 aras
3203 3805 3425 3907 ipfius
3445 3805 3587 3885 Ec·

886 3901 1125 4007 clefiae
1181 3902 1480 4005 decenti
1532 3901 1763 3980 modo
1812 3901 2246 3982 collocatis.
3638 3996 3645 4001 .

981 3995 1197 4085 Inter
1246 4029 1429 4082 vero
1481 4000 1743 4089 omnia
1796 4001 1956 4079 haec
2008 4000 2865 4109 sacra‘lipsana.quibus
2916 4005 3214 4088 abunde
3283 4030 3588 4087 exorna-

878 4122 1056 4207 tur,
1110 4106 1398 4197 sacrum
1450 4123 1722 4202 corpus
1775 4098 2065 4180 eminet
2109 4099 2303 4181 Divi
2350 4101 2566 4191 Pauli
2616 4104 2842 4213 primi
2888 4107 3246 4188 Eremitae
3287 4162 3317 4205 ‚
3383 4108 3590 4205 cujus

880 4231 1218 4304 nomen,
1268 4204 1344 4287 8<
1394 4200 1694 4317 aeta-ad
1749 4225 1887 4281 nos
1939 4224 2034 4278 ex
2087 4201 2282 4281 Divi
2327 4201 2795 4306 Hieronymi
2841 4207 3200 4289 Docioris
3251 4202 3586 4291 Maxir'ni

884 4306 1217 4407 pietate,
1267 4304 1343 4382 8(
1381 4302 1808 4383 eruditione
1831 4302 2343 4384 devenerunt.
2398 4305 2929 4397 Inaestimabile
2971 4309 3122 4390 hoc
3160 4310 3609 4403 thesaurum,

888 4429 932 4493 e
977 4403 1405 4511 Byzantina
1456 4403 1668 4497 Urbe
1721 4403 2085 4487 venetias
2153 4403 2366 4490 fuiffe
2417 4406 2822 4493 dedue’cum
2894 4410 3137 4497 asserit
3186 4410 3588 4528 Dandulus

3401 4534 3486 4598 m
