3934 5359
710 2986 719 2993 *
797 2975 953 3016 nunc
993 2971 1192 3016 autem
1231 2973 1262 3012 e

947 455 951 459 ’
1024 456 1065 512 2

771 457 1039 653 lutati-303,
1081 589 1255 654 atque
1286 568 1603 652 parabola,
1639 569 1754 630 sive
1771 567 1949 627 etiam
1969 582 2070 624 au·

773 660 1045 720 &oritate
1104 653 1313 730 prefati
1368 650 1608 710 Domini
1666 645 1930 732 Episcopi
1971 645 2081 699 Ca-

773 734 1000 796 stellani
1041 729 1338 791 Ordinarii
1394 727 1474 785 sui
1508 769 1525 799 ,
1580 724 1631 780 ἃ
1674 719 1930 796 ejusdem
1975 722 2082 774 Ec-

1366 425 1523 510 DE
1588 420 2143 504 Eccm-:stA
2211 415 2909 501 Plancinam

2181 555 2366 617 eidem
2407 554 2656 616 Ecclelie
2712 557 2923 633 poffint
2965 559 3228 620 habitare
3256 602 3277 633 ‚
3329 559 3382 619 ἃ
3425 562 3485 623 in

2183 634 2303 711 ipsa
2342 637 2688 694 commorari
2732 653 2863 695 cum
2906 656 3102 697 eorum
3135 638 3369 696 familiis
3387 639 3487 699 de-

2184 712 2447 770 centibus
2487 712 2539 769 &
2584 710 2832 771 hon’estis
2887 714 3064 774 libere
3119 716 3236 775 sine
3286 714 3486 792 aliqua

774 811 943 873 clefie
986 816 1038 869 S.
1077 805 1406 867 Geminiani
1441 797 1747 870 concessit,
1788 796 1988 867 dedit,
2029 791 2082 851 δι
2186 786 2468 869 Ρεῦίὶῡηεἱ
2495 833 2514 865 ,
2598 786 2689 848 vel
2723 788 3128 869 ⁴cuiuscunque
3196 793 3485 852 contradi·

776 885 1025 950 tradidit
1052 883 1434 943 Gumbertino
1467 922 1487 952 ‚
1526 876 1771 935 Mai-clio
1801 916 1818 946 ,
1868 878 2087 930 Homo-

776 967 964 1036 bono,
992 960 1350 1021 &Almerico
1390 954 1724 1015 Presbiteris
1753 948 2000 1009 Ecclefie
2032 952 2086 1005 S.

772 1041 1140 1109 Geminiani,
1167 1038 1218 1094 ἃ
1237 1052 1437 1095 eorum
1473 1029 1877 1091 successoribus
1894 1032 2086 1084 Sacer-

782 1118 1015 1178 dotibus
1044 1117 1100 1173 in
1122 1126 1459 1190 perpetuum
1473 1107 1822 1168 ordinandis
1852 1105 1902 1161 8<
1933 1100 2090 1192 insti-

784 1193 1014 1255 tuendis
1032 1194 1088 1249 in
1122 1190 1235 1266 ipsa
1255 1186 1503 1247 Ecclesia
1519 1183 1808 1268 quandam
1838 1198 2093 1257 proprie-

787 1287 974 1331 tatem
995 1285 1147 1327 terre
1174 1271 1224 1325 δι
1242 1264 1399 1336 case,
1439 1282 1550 1340 que
1566 1262 1642 1320 est
1658 1261 1727 1319 de
1747 1277 1865 1332 ‚ure
1895 1258 1946 1314 8:
1971 1274 2094 1333 per·

784 1347 1046 1407 tinencia
1085 1343 1254 1420 ipsius
1294 1337 1952 1399 EcclesieS.Geminian1
1995 1351 2096 1409 po-

779 1424 949 1486 fitam
994 1425 1051 1481 in
1094 1418 1353 1479 confinio
1391 1423 1443 1476 S.
1473 1415 1693 1490 Moysi,
1734 1431 1856 1489 quae
1897 1407 2095 1501 firmat

783 1501 860 1560 ab
900 1519 1018 1559 uno
1058 1495 1157 1556 suo
1196 1498 1388 1571 capite
1425 1496 1482 1553 in
1497 1491 1748 1569 quodam
1781 1486 1916 1546 calli
1936 1505 2095 1575 com-

780 1580 944 1638 muni
986 1574 1458 1643 convicinorum,
1501 1566 1649 1628 unde
1678 1566 1852 1626 habet
1883 1566 2094 1623 introi·

789 1665 920 1713 tum
960 1652 1012 1709 ἃ
1055 1653 1311 1717 exitum3
1357 1650 1455 1725 qui
1499 1644 1665 1704 callis
1721 1642 1937 1702 habens
1978 1639 2098 1700 duo

784 1731 1032 1806 Capita,
1075 1727 1363 1817 descendit
1404 1723 1480 1816 ab
1518 1742 1638 1782 uno
1675 1720 1774 1779 suo
1813 1719 2007 1794 capite
2035 1717 2096 1774 in

705 1819 715 1841 ’
788 1802 1463 1951 ἒῗιὲἒᾶῑὲἒιῗεῗΐῖῗῖἑὶἑ
1508 1795 2100 1961 ἓῑῖἑῗιὲῒεῖῗὲξζ

785 1961 938 2021 unde
979 1957 1055 2020 ad
1097 1954 1352 2017 Brolium
1396 1954 1449 2012 δι
1489 1955 1744 2027 Canale,
1783 1951 1835 2008 ἃ
1871 1949 1944 2009 ab
1977 1946 2097 2007 alio

786 2056 857 2098 ca
902 2038 982 2096 ite
1023 2035 1193 2113 ipsius
1248 2033 1415 2092 callis
1456 2029 1722 2089 discurrit
1780 2027 1942 2104 juxta
1997 2042 2099 2083 an·

895 2134 991 2173 um
1043 2111 1293 2187 ejusdem
1336 2108 1535 2169 domus
1569 2149 1589 2181 ‚
1650 2124 1760 2184 que
1802 2101 2096 2190 quondam

790 2132 907 2251 {init
949 2194 1002 2248 S.
1044 2189 1287 2259 Marci,
1329 2200 1481 2245 nunc
1538 2201 1678 2241 vero
1732 2180 1810 2239 est
1849 2177 2099 2253 ejusdem

790 2264 1044 2327 Ecclefie
1095 2270 1149 2323 S.
1187 2260 1518 2323 Geminiani
1575 2259 1690 2319 five
1755 2254 2103 2316 plebanatus

790 2343 1005 2421 ipsius,
1048 2340 1195 2400 unde
1238 2331 1922 2399 revolvensdescenditin
1944 2333 2102 2418 viam

790 2419 1089 2498 publicam
1131 2435 1242 2494 que
1278 2415 1445 2476 ducit
1484 2411 1558 2473 ad
1596 2416 1649 2470 S.
1681 2409 1935 2485 Moysem
1982 2428 2103 2482 jux·

791 2512 859 2556 ta
902 2496 1318 2572 proprietatem
1360 2491 1613 2566 ejusdem
1664 2494 1718 2547 S.
1760 2484 1942 2561 Moysi
1976 2504 1994 2552 ς
2049 2483 2105 2542 δε

791 2571 957 2633 aliud
982 2571 1142 2635 suum
1175 2583 1352 2645 caput
1391 2566 1512 2645 ipsa
1542 2565 1863 2643 proprietas
1908 2561 2105 2621 firmat

794 2652 858 2710 in
899 2647 1150 2726 quadam
1194 2664 1351 2707 terra
1386 2688 1403 2718 ,
1441 2662 1553 2721 que
1595 2642 1740 2702 olim
1781 2641 1897 2700 suit
1939 2637 2108 2697 Pisci-

798 2744 910 2799 na,
953 2724 1104 2784 unde
1164 2723 1340 2784 habet
1381 2722 1690 2781 introitum
1745 2717 1798 2775 δι
1839 2717 2058 2775 exitum
2091 2755 2108 2772 .

804 2806 995 2862 Unum
1051 2801 1211 2860 suum
1266 2800 1422 2861 latus
1477 2796 1674 2856 firmat
1742 2797 1801 2853 in
1858 2791 2109 2869 quadam

802 2880 1218 2958 ¹³¹⁰P‘³“²“’
1314 2870 2110 3011 ”i·e‘{¹·⁵⁰1¹›12‘s?¹22³.‘..{i2.¹“s²‘<⁰;¹2’

1390 2973 1406 3010 ι
1469 2972 1485 3009 ι
1517 3001 1526 3011 .
1950 2988 1966 3004 .
2085 2976 2111 2991 -

803 3034 1088 3101 miniani3
1131 3032 1184 3089 a&
1227 3027 1388 3090 aliud
1425 3028 1583 3087 suum
1626 3024 1780 3086 latus
1823 3022 2020 3082 firmat
2052 3024 2124 3081 in·

796 3106 1264 3185 Proprietatibus
1279 3104 1414 3164 dieti
1430 3109 1483 3162 S.
1501 3101 1687 3177 Moysi
1706 3144 1725 3174 ,
1740 3099 2014 3160 videlicet
2029 3098 2114 3157 so-

805 3184 929 3246 lum
972 3184 1048 3244 ad
1088 3182 1253 3243 istum
1292 3180 1450 3241 usum
1478 3223 1497 3254 ,
1537 3177 1758 3238 scilicet
1801 3174 2112 3253 prohabi-

807 3262 1041 3322 tatione
1083 3258 1367 3336 ipsorum,
1406 3257 1462 3316 δε
1500 3274 1703 3317 eorum
1736 3253 2113 3314 successorum

805 3357 871 3397 m
886 3353 1406 3492 Igegpsguzrgfflem
1463 3411 1823 3488 proprietate
1875 3406 1980 3483 ipsi
2021 3409 2119 3466 Sa-

811 3489 1115 3563 cerdotes,
1155 3492 1254 3569 qui
1294 3507 1449 3549 nunc
1487 3487 1617 3548 sunt
1658 3488 1711 3545 a&
1743 3488 1801 3545 in
1835 3483 2120 3563 posterum

814 3567 1000 3631 futuri
1055 3567 1299 3639 suntin
1356 3565 1477 3643 ipsa
1516 3561 1772 3626 Ecclesia
1811 3560 2120 3623 residentes

891 3725 1020 3803 Ego
1058 3717 1500 3783 Bartholomeus
1527 3718 1775 3792 Quirino
1803 3716 1915 3777 Dei
1966 3715 2021 3774 ἃ
2059 3712 2387 3792 apostolica

2186 864 2376 925 &ione
2394 907 2409 922 .

2262 946 2339 1001 Et
2382 961 2511 1001 cum
2554 946 2610 1001 in
2657 943 2775 1018 ipsa
2821 946 3173 1020 proprietate
3216 961 3333 1003 tres
3364 960 3495 1003 tan-

2191 1035 2316 1078 tum
2359 1019 2550 1091 cellae,
2591 1019 2705 1077 sive
2739 1021 3053 1080 mansiones
3084 1022 3350 1081 ordinate
3381 1020 3493 1080 sint

2194 1115 2301 1171 pro
2340 1096 2526 1155 tribus
2563 1100 2964 1156 Sacerdotibus
2993 1142 3010 1171 ‚
3053 1101 3104 1157 ἃ
3146 1099 3257 1159 sint
3303 1100 3494 1173 plures

2194 1173 2527 1232 Sacerdotes
2568 1172 2643 1232 ad
2687 1174 2940 1249 presens,
2982 1196 3154 1253 quam
3191 1176 3388 1247 Celle,
3431 1190 3522 1236 ut‘

2198 1266 2340 1385 filet?
2337 1270 2492 1410 [(31ἒέ
2490 1266 2678 1385 3ἓῖεέ
2693 1371 2711 1401 ,
2732 1252 3030 1404 §genam-i
3052 1252 3498 1390 csslsiassulijadbiltlal³

2197 1401 2392 1476 bunt,
2445 1403 2656 1462 debent
2716 1403 3044 1465 satisfacere
3111 1409 3500 1467 communiter

2195 1498 2408 1616 guarto
2446 1479 2600 1540 socio
2641 1480 2771 1553 suo,
2812 1484 2864 1538 ἃ
2908 1482 3201 1557 pluribus,
3240 1484 3280 1543 fi
3322 1503 3534 1561 quan-⁷

2237 1578 2272 1613 o
2315 1558 2492 1616 essent
2535 1558 2587 1614 dr
2629 1558 2704 1617 fic
2735 1559 2813 1618 est
2846 1561 2919 1617 ab
2948 1563 3029 1618 eis
3047 1563 3337 1636 perpetuis
3354 1579 3504 1620 tem-

2198 1635 2432 1709 poribus
2473 1634 2886 1694 observandum
2929 1636 3232 1697 secundum
3259 1636 3502 1714 quodde

2199 1710 2590 1802 satisfactione
2630 1711 2954 1787 hujusmodi
2984 1717 3138 1773 inter
3153 1713 3204 1774 se
3224 1726 3505 1792 poterunt

2202 1806 2554 1847 convenire.
3329 1834 3336 1839 -

2281 1871 2407 1925 Hoc
2449 1865 2651 1925 addito
2691 1870 2870 1926 etiam
2910 1869 2964 1927 Bt
3002 1869 3308 1945 expresso,
3348 1867 3506 1947 quod

2199 1941 2240 2001 fi
2284 1942 2631 2018 procedente
2676 1960 2932 2020 tempore
2974 1947 3150 2007 essent
3194 1949 3252 2004 in
3296 1948 3502 2006 eadem

2198 2018 2450 2079 Ecclesia
2470 2020 2765 2096 pauciores
2782 2021 3113 2081 Sacerdotes
3131 2066 3152 2098 ‚
3193 2042 3367 2101 quam
3387 2039 3505 2082 tres

2199 2095 2424 2155 Cellam
2455 2138 2473 2169 ,
2537 2094 2631 2155 vel
2670 2098 2863 2158 Cellas
2905 2117 3179 2160 vacantes
3262 2121 3372 2159 uou
3443 2117 3516 2159 ue

2205 2172 2615 2233 ordinarentur
2655 2175 2989 2234 Sacerdotes
3033 2178 3090 2235 in
3149 2179 3166 2234 i
3235 2198 3269 2236 a
3310 2183 3425 2235 Ecc
3451 2196 3513 2235 e·-

2209 2250 2290 2309 sia
2335 2248 2611 2309 Plebanus
2656 2250 2824 2326 possit
2857 2253 3115 2312 affiaare
3178 2252 3517 2312 olummodo

2203 2324 2475 2400 Clerico,
2516 2325 2607 2384 vel
2639 2328 2884 2387 Clericis
2918 2328 3168 2406 ejusdem
3196 2329 3448 2391 cmlefie
3473 2328 3518 2392 ίί

2207 2403 2417 2477 suerit,
2458 2401 2548 2462 vel
2571 2400 2845 2465 Plebanus
2886 2403 2928 2465 fi
2972 2426 3085 2466 non
3129 2409 3343 2481 suerit,
3385 2426 3517 2483 pro-

2207 2498 2444 2541 curator
2484 2481 2803 2555 expendere
2860 2498 3129 2543 teneatur
3182 2487 3240 2543 in
3285 2486 3518 2544 utilita-

2211 2572 2330 2617 tem
2375 2558 2544 2632 ipsius
2585 2556 2831 2618 Ecclesie
2859 2564 2912 2618 S.
2939 2563 3306 2621 Geminiani.
3347 2566 3420 2619 Et
3453 2576 3518 2620 ut

2218 2634 2474 2711 prediaa
2514 2638 2712 2696 omnia
2756 2634 2923 2696 firma
2963 2638 3016 2695 ἃ
3051 2637 3282 2698 illibata
3309 2638 3522 2697 suturis

2212 2711 2571 2788 temporibus
2614 2715 2904 2789 perpetuis
2930 2714 3349 2789 observantur,
3389 2734 3519 2791 pre·

2213 2790 2394 2849 distus
2410 2788 2766 2848 Venerabilis
2797 2806 2963 2864 pater
2977 2796 3050 2852 D.
3067 2791 3376 2869 Episcopus
3391 2835 3408 2865 ,
3447 2810 3520 2852 ac

2182 2937 2186 2942 ,
2214 2869 2394 2927 etiam
2457 2865 2673 2926 refatus
2690 2866 2964 2926 Plebanus
2981 2869 3112 2927 huic
3127 2868 3519 2929 Instrumento

2216 2962 2395 3003 conce
2442 2944 2591 3001 ionis
2620 2943 2671 3000 ἃ
2703 2943 3035 3003 traditionis
3069 2945 3292 3019 prefate
3339 2964 3520 3005 manu

2217 3022 2455 3097 propria
2483 3018 2956 3095 subscripserunt.
2997 3023 3136 3083 Asta
3163 3021 3289 3081 sunt
3317 3024 3423 3081 hec
3449 3024 3512 3081 in

2216 3095 2543 3175 Episcopali
2602 3097 2826 3156 Palatio
2876 3097 3207 3159 castellano
3245 3100 3510 3156 Venetia-

2217 3192 2345 3234 rum
2391 3175 2448 3231 in
2491 3172 2744 3249 quodam
2784 3177 3100 3235 Camerino
3139 3177 3301 3253 ipsius
3341 3180 3417 3233 D.
3443 3178 3521 3233 E-

2215 3249 2432 3329 piscopi
2449 3291 2467 3307 .
2509 3248 2861 3309 presentibus
2887 3256 2961 3311 D.
2980 3253 3205 3313 Andrea
3230 3253 3526 3313 Gausonio

2218 3328 2521 3387 canonico
2560 3327 2928 3402 Castellano,
2969 3329 3156 3389 Presb.
3197 3328 3429 3402 Juliano
3468 3333 3523 3387 S.

2221 3405 2466 3479 Iuliani,
2508 3406 2838 3485 Margarito
2877 3410 2930 3464 S.
2960 3406 3428 3479 JotGrisostomi‚
3466 3405 3526 3465 ἃ

2221 3481 2408 3542 Blasio
2446 3485 2498 3539 S·
2541 3484 2770 3553 Mauri,
2810 3483 2864 3539 Be
2906 3480 3035 3542 aliis
3076 3484 3152 3545 ad
3178 3486 3286 3545 hec
3313 3484 3528 3562 specia-

2221 3558 2362 3620 liter
2403 3558 2671 3632 vocatis,
2710 3558 2764 3629 ,ἃ
2808 3561 3064 3639 rogatis.

2414 3716 2608 3795 gratia
2633 3713 2871 3775 castell.
2901 3713 3206 3796 Episcopus
3233 3732 3327 3778 m.
3355 3735 3436 3779 m.
3460 3714 3532 3777 ss.

848 3886 855 3893 ⁸
888 3800 1018 3882 Ego
1056 3803 1291 3860 Marcus
1327 3794 1681 3860 Lambardus
1724 3792 1916 3856 Presb.
1959 3791 2119 3854 Pleb.
2157 3796 2212 3853 S.
2250 3794 2585 3853 Geminiani
2624 3811 2704 3890 rn.
2746 3810 2824 3851 m.
2863 3790 2933 3852 ss.

1057 3914 1183 4035 Ego
1220 3951 1569 4020 Bertelafius
1591 3948 1917 4017 Coaeclam
1958 3945 2262 4027 Imperiali
2301 3946 2656 4012 anaor-itate
2691 3948 2838 4011 Not.
2876 3949 3120 4016 interfiii
3158 3962 3432 4030 rogatus.

3321 4507 3468 4569 Con-
