3934 5359
275 3086 416 3197 ,s

859 400 936 486 S.
999 405 1757 492 Apourmnts
1821 411 2093 496 Ense.
2144 434 2261 497 ET
2303 413 2610 503 MART.
2807 416 2960 493 161

441 647 811 764 Redditjus
860 647 1189 765 Ecclefiae
1230 649 1683 734 Parochialis
1723 656 1983 739 sanai
1998 653 2449 756 Apollinaris
2499 655 2961 737 Venetiarum
3015 653 3121 732 di-

637 752 1003 833 funduntur
1049 776 1246 834 mter
1296 746 1704 838 Plebanum
1725 813 1751 855 ,
1801 761 1900 839 Φ*
1948 754 2322 840 Titulatos
2369 758 2692 859 ejusdem
2743 753 3077 858 Ecclefiae
3097 812 3117 833 .

435 862 529 939 Α·
1392 967 1641 1074 1488.
1711 995 1846 1075 31.
1917 971 2166 1054 Maii.

1093 1155 1179 1212 Ex
1219 1153 1634 1234 Authogtapho
1672 1154 1735 1215 in
1776 1156 2029 1219 Archivo
2068 1153 2480 1219 Patriarchali.
2704 1240 2712 1250 ·

436 1320 589 1455 IN
623 1318 877 1379 N⁰¹¹¹3¹¹⁸
913 1315 1150 1377 D⁰¹m⁶⁰i
1177 1316 1372 1376 Nost&
1409 1321 1536 1389 1⁶⁸⁸
1562 1315 1731 1376 Chri·
1831 1336 1946 1396 pro
1986 1331 2152 1395 parte
2192 1331 2336 1379 tunc
2378 1318 2608 1378 Plebani
2644 1317 2908 1378 Ecclesia:
2937 1316 3126 1378 Sanffi

555 1393 626 1453 sti
653 1401 832 1455 Amen
852 1386 878 1452 .'
912 1390 1144 1451 Cunstis
1185 1406 1386 1468 pateat
1426 1391 1731 1454 evidenter
1832 1396 2586 1472 Appolinaris'venetiarum
2614 1396 2897 1469 expositio
2936 1395 3129 1454 conti·
3234 1452 3254 1469 ,

428 1468 730 1531 divisionis
768 1471 821 1528 ἃ
853 1468 1265 1529 declarationis
1294 1468 1730 1532 instrumentum
1831 1471 2043 1544 nebat,
2083 1472 2238 1549 quod
2279 1470 2493 1531 fruc'lus
2518 1513 2538 1544 ‚
2592 1469 2813 1529 reditus
2840 1513 2859 1544 ,
2896 1472 2949 1529 ἃ
2994 1487 3129 1547 pro-

433 1546 639 1607 visuris
669 1548 921 1621 pariter,
961 1563 1029 1604 ac
1053 1542 1320 1621 lecturis,
1360 1546 1621 1621 qualiter
1634 1564 1735 1605 an·
1833 1560 2042 1606 ventus
2082 1544 2490 1607 nonnullorum
2519 1561 2932 1623 perpetuorum
2959 1545 3136 1605 bene-

430 1642 513 1681 no
551 1641 586 1681 a
611 1619 1404 1681 NativitateDominiNostri
1429 1620 1736 1694 JesuChri·
1834 1620 2100 1682 ficiorum
2139 1626 2199 1683 in
2241 1623 2349 1684 illa
2389 1637 2560 1683 erant
2600 1621 2747 1683 adeo
2796 1637 3033 1695 tenues,
3073 1621 3127 1679 ἃ

433 1697 505 1757 sti
545 1695 851 1756 millefimo
878 1695 1444 1775 quadringentefimo
1484 1715 1732 1777 nonage-
1835 1697 2016 1757 exiles
2042 1742 2061 1772 ,
2115 1714 2182 1758 ut
2234 1697 2336 1772 ipsi
2380 1697 2716 1759 Beneficiati
2786 1698 3022 1757 illorum
3072 1695 3130 1757 se

433 1771 580 1833 fimo
619 1770 942 1831 Indistione
979 1771 1200 1832 Ostava
1238 1771 1330 1832 die
1373 1793 1464 1847 ¹4·
1520 1773 1731 1834 Mensis
1830 1773 2133 1834 commode
2174 1773 2482 1834 sustentare
2514 1817 2533 1849 ,
2572 1776 2626 1833 Bt
2666 1773 2811 1833 inibi
2853 1773 3129 1833 inservire
3218 1776 3229 1781 “

438 1848 628 1921 iunii.
670 1846 1182 1907 Reverendiffimus
1236 1850 1297 1906 in
1349 1849 1574 1909 Christo
1631 1855 1731 1911 Pa·
1830 1868 1946 1910 non
1991 1850 2245 1927 possent,
2286 1865 2352 1910 ut
2392 1849 2633 1910 decebat
2665 1891 2684 1922 ,
2723 1850 2776 1907 ἃ
2820 1863 3132 1925 propterea

433 1938 532 1985 ter
571 1922 626 1981 &
664 1925 947 1982 Dominus
986 1928 1157 1981 Dom.
1210 1924 1493 2001 Mapheus
1529 1926 1734 1986 Girar·
1833 1925 2050 1985 bonum
2092 1941 2255 2000 erat,
2295 1925 2452 2004 quod
2477 1928 2653 1986 tertia
2682 1943 2814 2001 pars
2841 1924 3135 1984 fruetuum

430 1996 512 2058 do
562 1998 934 2057 Miseratione
974 2000 1191 2058 Divina
1247 2003 1582 2063 Patriarcha
1623 2006 1734 2060 Ve-
1835 2003 1888 2060 ἃ
1935 2001 2257 2075 redituum,
2298 2020 2367 2062 ac
2411 2016 2793 2078 proventuum
2834 2000 2993 2059 dieta
3026 2003 3134 2057 Ec-

431 2075 723 2136 netiarum
755 2117 773 2145 ,
823 2074 1240 2152 Dalmatiaeque
1282 2078 1496 2137 Primas
1528 2120 1547 2151 ,
1601 2092 1733 2137 tan·
1836 2076 2016 2137 clefiae
2055 2077 2454 2138 dividerentur
2493 2080 2545 2136 δι
2575 2076 2738 2136 dietis
2770 2074 3134 2135 Beneficiatis

478 2169 609 2210 uam
648 2152 1078 2210 Commiffarius
1104 2192 1124 2220 ,
1179 2151 1233 2209 a
1274 2156 1564 2213 Executor
1601 2160 1735 2215 San·
1834 2173 1866 2213 e
1909 2157 1997 2213 uis
2030 2156 2392 2231 portionibus
2409 2174 2509 2230 per
2587 2168 2688 2212 tuo
2703 2150 3134 2212 dividerentur.

497 2225 665 2287 iffimi
706 2229 944 2286 Domini
981 2226 1177 2287 Nostri
1231 2233 1406 2288 Dom.
1446 2234 1734 2290 Innocen·
1833 2234 1860 2289 1
1904 2249 1996 2290 em
2050 2232 2333 2310 Eugenius
2376 2233 2487 2290 Prae
2527 2230 2739 2289 eceffor
2794 2226 3134 2288 patriarcha

438 2304 510 2362 tii
568 2307 642 2362 Pa
684 2320 728 2360 ε
757 2306 922 2362 VIII.
977 2322 1093 2364 una
1146 2323 1278 2363 cum
1333 2304 1454 2364 alio
1492 2304 1736 2385 Collega
1839 2307 2212 2366 venetiarum
2252 2307 2361 2366 suis
2401 2304 2561 2366 dedit
2602 2305 2817 2366 litteris
2869 2307 2928 2362 in
2969 2321 3133 2363 man-

440 2395 572 2438 cum
617 2397 650 2436 c
676 2378 868 2438 ausula
906 2377 1266 2442 alternatim
1319 2381 1395 2441 ad
1447 2381 1738 2441 infrascri·
1838 2380 1993 2440 datis
2018 2424 2037 2454 ,
2092 2398 2158 2441 ut
2199 2382 2253 2441 se
2292 2381 2363 2441 de
2402 2380 2690 2459 praemiffis
2741 2380 3086 2440 informaret
3112 2420 3132 2452 ,

429 2468 544 2530 pta
594 2453 899 2530 deputatus
927 2498 946 2528 ‚
1017 2471 1191 2533 prout
1245 2456 1470 2516 constat
1525 2455 1738 2517 litteris
1839 2457 2066 2515 &ineis
2094 2458 2347 2529 faceret,
2386 2472 2560 2535 prout
2589 2453 2893 2517 secundum
2910 2460 3136 2527 Deum,

433 2527 781 2620 Apostolicis
822 2533 882 2589 in
926 2532 1116 2592 forma
1158 2534 1346 2592 brevis
1385 2531 1486 2592 sub
1515 2532 1738 2593 annulo
1839 2532 1892 2589 ἃ
1935 2533 2133 2591 Divini
2176 2533 2365 2593 cultus
2404 2552 2476 2593 au
2518 2548 2777 2592 mentum
2828 2531 2930 2591 sibi
2970 2531 3131 2590 vide-

433 2604 743 2683 ptscatoris
785 2625 916 2667 cum
958 2606 1014 2666 su
1063 2608 1379 2684 plicatione
1421 2607 1636 2668 inclusa
1667 2608 1736 2668 fi·
1839 2622 2005 2667 retur
2046 2608 2419 2676 faciendum3
2553 2607 2756 2667 deinde
2796 2608 2934 2684 quia
2975 2604 3128 2664 idem

438 2696 622 2759 gnata
663 2686 882 2742 tenoris
911 2627 1327 2761 subaquentis.
1369 2688 1738 2745 Ven.Fr.Pa·
1839 2682 2123 2743 Flebanus
2164 2684 2320 2744 ultra
2373 2683 2666 2744 sexcentos
2704 2682 2947 2742 ducatos
3001 2680 3129 2739 auri

443 2758 715 2818 rriarchae
731 2762 1100 2819 venetiarum
1131 2758 1428 2819 &Dileelo
1456 2759 1738 2820 filioDio·
1884 2779 1951 2818 ro
1992 2760 2215 2819 fabrica
2254 2760 2413 2819 diaae
2454 2757 2713 2819 Ecclesiae
2751 2757 3128 2834 exposuerat,

437 2833 601 2906 nyfio
631 2837 933 2894 canonico
960 2837 1252 2897 Cerviensi
1283 2836 1539 2896 Venetiis
1582 2855 1739 2898 com·
1838 2778 1893 2892 gt
1936 2834 2082 2894 alios
2121 2854 2409 2914 exponere
2450 2854 2566 2894 non
2593 2833 2927 2894 defistebat.
2970 2830 3132 2891 Idem

442 2912 744 2983 moranti,
785 2910 878 2970 vel
923 2930 1120 2971 eorum
1161 2912 1334 2973 alteri
1365 2915 1739 2973 Innocentius
1837 2911 2175 2972 Patriarcha
2214 2912 2285 2972 de
2325 2911 2590 2971 omnibus
2628 2909 3005 2984 infrascriptis
3045 2904 3134 2967 di·

421 2984 590 3120 {apa
637 2988 891 3047 ORavus
945 2992 1084 3048 Ven.
1127 2993 1224 3047 Fr.
1276 2989 1329 3046 ἃ
1388 2987 1595 3048 dilecte
1647 2988 1736 3049 fili
1837 2987 2112 3048 visionem
2149 2987 2477 3063 hujusmodi
2523 2989 2708 3046 tertiae
2751 2987 2935 3061 partis
2986 2982 3134 3043 fecit

495 3061 675 3121 lutem
717 3062 770 3121 ἃ
813 3062 1197 3139 Apostolicam
1232 3063 1732 3125 Benedislionem.
1833 3064 1923 3124 ita
1957 3064 2116 3142 quod
2155 3064 2469 3125 decedente
2512 3062 2632 3140 ipso
2671 3061 2920 3121 Plebano
2950 3103 2969 3133 ,
3008 3074 3134 3120 ter·-

424 3138 725 3198 Mittimus
764 3140 930 3200 vobis
969 3139 1452 3217 supplicationem
1497 3141 1732 3215 praesen·
1832 3141 1921 3199 tia
1962 3158 2094 3216 pars
2132 3141 2420 3201 fruetuum
2458 3184 2476 3216 ,
2518 3140 2805 3200 redituum
2834 3179 2853 3210 ,
2905 3137 2958 3194 ἃ
3001 3154 3138 3212 pro·

424 3212 522 3272 tib
537 3231 599 3271 us
637 3215 1006 3276 introclusam
1036 3235 1209 3276 manu
1240 3215 1436 3276 dilecti
1464 3217 1596 3276 Filii
1625 3237 1729 3277 no·
1831 3231 2111 3276 ventuum
2150 3215 2426 3292 ejusmodi
2469 3217 2630 3292 juxta
2671 3213 2841 3289 ipsius
2872 3211 3134 3273 Ecclesia

429 3286 535 3347 firi
576 3294 646 3348 A.
676 3289 982 3351 Alumienfi
1026 3293 1084 3351 in
1119 3293 1414 3370 praeseutia
1442 3292 1631 3353 nostra
1665 3293 1730 3353 fi.
1831 3291 2266 3352 consuetudines
2307 3293 2359 3349 ἃ
2390 3307 2565 3368 prout
2596 3290 2829 3349 decimae
2862 3288 3133 3364 persona·

431 3378 711 3441 gnatanu
752 3366 1121 3444 volumusque
1162 3370 1214 3427 &
1257 3368 1418 3427 vobis
1457 3371 1731 3428 commit·
1831 3363 1916 3425 les
1956 3369 2111 3427 inter
2165 3387 2263 3426 eos
2303 3367 2487 3426 dividi
2515 3410 2533 3438 ,
2589 3366 2642 3423 ἃ
2696 3363 2955 3422 distribui
2992 3381 3137 3422 con·

439 3440 622 3497 timus
660 3455 939 3518 quatenus
979 3461 1112 3519 vos,
1157 3444 1251 3503 vel
1291 3442 1444 3505 alter
1486 3446 1729 3505 vestrum
1832 3442 2135 3503 sueverant
2176 3458 2458 3520 perpetuo
2493 3440 2927 3511 dividerentur,
2970 3436 3131 3496 &di-

443 3516 671 3577 vocatis
714 3517 982 3578 vocandis
1022 3519 1095 3580 ad
1138 3519 1292 3581 illius
1333 3523 1732 3582 executionem
1831 3516 2280 3591 stribuerentur,
2323 3533 2496 3595 prout
2539 3520 2597 3577 in
2642 3514 2864 3574 litteris
2897 3513 3131 3588 Aposto-

441 3590 778 3667 procedatis
820 3592 983 3667 juxta
1020 3594 1138 3670 ejus
1167 3596 1565 3677 fignaturam.
1833 3591 1994 3669 licis,
2035 3595 2091 3653 ἃ
2131 3594 2519 3654 instrumentis
2559 3591 2794 3667 desuper
2820 3589 3130 3663 confectis,

509 3673 726 3728 Datum
767 3675 960 3730 Roma
985 3671 1140 3746 apud
1163 3677 1216 3730 S.
1248 3678 1472 3732 Petrum
1501 3672 1600 3733 sub
1626 3691 1730 3733 an·
1830 3689 2076 3745 quorum
2113 3685 2344 3729 tenores
2383 3670 2491 3728 dte.
2536 3666 2757 3744 plenius
2773 3667 3131 3726 continetur.

425 3743 577 3803 mulo
594 3744 926 3819 Piscatoris,
962 3745 1055 3806 die
1070 3745 1313 3808 secunda
1333 3750 1542 3824 Aprilis
1565 3770 1729 3825 1490.
1833 3746 2190 3807 Postmodum
2232 3765 2374 3807 vero
2414 3762 2554 3807 tunc
2572 3743 2820 3804 Plebano
2849 3742 2974 3801 vita
3001 3741 3130 3799 fun·

431 3818 811 3884 nontin-:atus
851 3823 1045 3884 Nostri
1086 3842 1244 3884 anno
1281 3824 1561 3901 septimo.
1829 3822 1923 3880 ao
1950 3865 1968 3895 ,
2020 3824 2075 3880 ἃ
2131 3821 2464 3882 succedente
2520 3820 2771 3899 quodam
2825 3815 3131 3878 Francisco

1826 3900 2077 3958 Sansono
2144 3897 2315 3975 ipfius
2369 3897 2629 3958 Ecclesia:
2684 3894 2938 3955 Plebano
2990 3908 3129 3953 orta

887 3983 1131 4049 joannes
1161 3977 1626 4040 crothonieusis.
1826 3975 1983 4035 inter
2021 3975 2397 4035 Beneficiatos
2452 3995 2521 4034 ex
2577 3992 2692 4033 una
2720 4015 2741 4043 ‚
2796 3972 2849 4030 ἃ
2894 3973 3128 4030 Franci·

1824 4050 1981 4112 scum
2022 4052 2348 4129 praedidlum
2389 4052 2552 4128 super
2593 4050 2747 4110 dieta
2786 4049 2964 4122 tertia
2996 4064 3127 4122 par-

423 4122 615 4183 Tenon
649 4148 776 4189 vero
830 4129 1140 4207 introclusae
1194 4133 1311 4219 [ιφ
1347 4128 1628 4192 licaetiom'r
1652 4126 1731 4203 st·
1832 4142 1891 4188 te
1948 4130 2199 4188 materia
2240 4127 2557 4206 quaestionis
2611 4125 2790 4186 ambae
2832 4138 3025 4201 partes
3063 4123 3126 4210 in

463 4232 472 4239 ·
668 4219 853 4280 gnate
879 4206 1176 4287 sequitur,
1198 4229 1263 4267 ve
1305 4208 1497 4266 elic-ee.-
1829 4205 2159 4277 praedistum
2200 4203 2595 4263 patriarcham
2636 4217 2913 4278 tanquam
2968 4196 3124 4256 arbi·

1826 4295 2017 4354 trum,
2057 4281 2110 4338 80
2154 4278 2563 4339 arbitratorem
2593 4320 2612 4350 ‚
2665 4278 2720 4334 ἃ
2763 4269 3127 4335 amirabilem

511 4350 834 4412 Beatiffime
874 4359 1074 4415 Pater.
1113 4357 1345 4418 Dudum
1372 4356 1472 4417 fel.
1501 4356 1721 4417 record.
1823 4353 2812 4431 compofitoremconpromiserunt,
2850 4350 2947 4424 qui
2978 4363 3122 4403 con-

428 4428 906 4569 Qessssmfffffi
942 4432 1042 4492 1v.
1096 4433 1481 4497 Praedecefl'ori
1536 4432 1725 4494 vestro
1825 4431 2098 4505 promitto
2133 4430 2472 4564 hujusmotllig
2498 4431 2561 4488 in
2600 4427 2654 4486 se
2691 4426 2895 4501 sponte
2934 4420 3115 4572 gutisc-
