<?xml version="1.0" encoding="UTF-8"?>
<!DOCTYPE html PUBLIC "-//W3C//DTD XHTML 1.0 Transitional//EN"
    "http://www.w3.org/TR/xhtml1/DTD/xhtml1-transitional.dtd">
<html xmlns="http://www.w3.org/1999/xhtml" xml:lang="en" lang="en">
 <head>
  <title>
</title>
<meta http-equiv="Content-Type" content="text/html;charset=utf-8" />
  <meta name='ocr-system' content='tesseract 3.04.00' />
  <meta name='ocr-capabilities' content='ocr_page ocr_carea ocr_par ocr_line ocrx_word'/>
</head>
<body>
  <div class='ocr_page' id='page_1' title='image "./ecclesiaeveneta02corngoog_0375.png"; bbox 0 0 3934 5359; ppageno 0'>
   <div class='ocr_carea' id='block_1_1' title="bbox 916 407 2975 528">
    <p class='ocr_par' dir='ltr' id='par_1_1' title="bbox 916 407 2975 528">
     <span class='ocr_line' id='line_1_1' title="bbox 916 407 2975 528; baseline -0.003 -28"><span class='ocrx_word' id='word_1_1' title='bbox 916 416 1336 501; x_wconf 76' lang='lat' dir='ltr'><strong>SANc‘rt</strong></span> <span class='ocrx_word' id='word_1_2' title='bbox 1400 407 1865 523; x_wconf 66' lang='lat' dir='ltr'><strong>Juttam</strong></span> <span class='ocrx_word' id='word_1_3' title='bbox 1930 409 2583 499; x_wconf 67' lang='lat' dir='ltr'><strong>Man-rrius.</strong></span> <span class='ocrx_word' id='word_1_4' title='bbox 2812 440 2975 528; x_wconf 84' lang='lat'><strong>333</strong></span> 
     </span>
    </p>
   </div>
   <div class='ocr_carea' id='block_1_2' title="bbox 350 564 3124 2805">
    <p class='ocr_par' dir='ltr' id='par_1_2' title="bbox 350 564 3124 2805">
     <span class='ocr_line' id='line_1_2' title="bbox 406 564 3119 670; baseline -0.001 -20"><span class='ocrx_word' id='word_1_5' title='bbox 406 569 577 651; x_wconf 84' lang='lat' dir='ltr'><strong>fieri</strong></span> <span class='ocrx_word' id='word_1_6' title='bbox 628 564 939 670; x_wconf 86' lang='lat' dir='ltr'><strong>potuisse</strong></span> <span class='ocrx_word' id='word_1_7' title='bbox 992 564 1245 646; x_wconf 88' lang='lat' dir='ltr'><strong>insciis</strong></span> <span class='ocrx_word' id='word_1_8' title='bbox 1287 564 1669 661; x_wconf 76' lang='lat' dir='ltr'><strong>plebano,</strong></span> <span class='ocrx_word' id='word_1_9' title='bbox 1719 564 2332 667; x_wconf 72' lang='lat' dir='ltr'><strong>&amp;Presbyteris,</strong></span> <span class='ocrx_word' id='word_1_10' title='bbox 2365 566 2443 645; x_wconf 77' lang='grc' dir='ltr'><strong>δε</strong></span> <span class='ocrx_word' id='word_1_11' title='bbox 2485 566 2848 649; x_wconf 81' lang='lat' dir='ltr'><strong>Ecclefiae·</strong></span> <span class='ocrx_word' id='word_1_12' title='bbox 2885 568 3119 649; x_wconf 85' lang='lat' dir='ltr'><strong>custo-</strong></span> 
     </span>
     <span class='ocr_line' id='line_1_3' title="bbox 404 663 3111 772; baseline 0 -22"><span class='ocrx_word' id='word_1_13' title='bbox 404 671 675 763; x_wconf 81' lang='lat' dir='ltr'><strong>dibus3</strong></span> <span class='ocrx_word' id='word_1_14' title='bbox 726 669 930 769; x_wconf 92' lang='lat' dir='ltr'><strong>quod</strong></span> <span class='ocrx_word' id='word_1_15' title='bbox 982 667 1034 747; x_wconf 88' lang='lat' dir='ltr'><strong>fi</strong></span> <span class='ocrx_word' id='word_1_16' title='bbox 1088 664 1435 748; x_wconf 61' lang='lat' dir='ltr'><strong>noelurni</strong></span> <span class='ocrx_word' id='word_1_17' title='bbox 1487 663 1740 745; x_wconf 85' lang='lat' dir='ltr'><strong>arcani</strong></span> <span class='ocrx_word' id='word_1_18' title='bbox 1793 665 2194 768; x_wconf 83' lang='lat' dir='ltr'>participes</span> <span class='ocrx_word' id='word_1_19' title='bbox 2243 666 2654 749; x_wconf 84' lang='lat' dir='ltr'><strong>dixerimus</strong></span> <span class='ocrx_word' id='word_1_20' title='bbox 2693 725 2720 765; x_wconf 84' lang='lat'>‚</span> <span class='ocrx_word' id='word_1_21' title='bbox 2773 670 3111 772; x_wconf 68' lang='lat' dir='ltr'><strong>profeao</strong></span> 
     </span>
     <span class='ocr_line' id='line_1_4' title="bbox 400 766 3114 869; baseline -0.001 -18"><span class='ocrx_word' id='word_1_22' title='bbox 400 768 834 852; x_wconf 87' lang='lat' dir='ltr'><strong>mirabilius</strong></span> <span class='ocrx_word' id='word_1_23' title='bbox 879 768 1050 866; x_wconf 83' lang='lat' dir='ltr'><strong>est,&#39;</strong></span> <span class='ocrx_word' id='word_1_24' title='bbox 1080 794 1220 848; x_wconf 88' lang='lat' dir='ltr'><strong>nec</strong></span> <span class='ocrx_word' id='word_1_25' title='bbox 1264 792 1393 869; x_wconf 89' lang='lat' dir='ltr'><strong>per</strong></span> <span class='ocrx_word' id='word_1_26' title='bbox 1444 766 1683 869; x_wconf 84' lang='lat' dir='ltr'><strong>ipsos,</strong></span> <span class='ocrx_word' id='word_1_27' title='bbox 1735 791 1876 847; x_wconf 87' lang='lat' dir='ltr'><strong>nec</strong></span> <span class='ocrx_word' id='word_1_28' title='bbox 1920 791 2050 868; x_wconf 87' lang='lat' dir='ltr'><strong>per</strong></span> <span class='ocrx_word' id='word_1_29' title='bbox 2092 767 2514 850; x_wconf 84' lang='lat' dir='ltr'><strong>maritimos</strong></span> <span class='ocrx_word' id='word_1_30' title='bbox 2558 770 2940 869; x_wconf 67' lang='grc' dir='ltr'><em>νεᾶοτεε,</em></span> <span class='ocrx_word' id='word_1_31' title='bbox 3031 770 3114 849; x_wconf 84' lang='lat' dir='ltr'><strong>ui</strong></span> 
     </span>
     <span class='ocr_line' id='line_1_5' title="bbox 398 797 3119 974; baseline -0.001 -23"><span class='ocrx_word' id='word_1_32' title='bbox 398 871 606 952; x_wconf 81' lang='lat' dir='ltr'><strong>sacra</strong></span> <span class='ocrx_word' id='word_1_33' title='bbox 656 895 971 971; x_wconf 88' lang='lat' dir='ltr'><strong>corpora</strong></span> <span class='ocrx_word' id='word_1_34' title='bbox 1011 871 1104 950; x_wconf 88' lang='lat' dir='ltr'><strong>ad</strong></span> <span class='ocrx_word' id='word_1_35' title='bbox 1145 872 1436 970; x_wconf 84' lang='lat' dir='ltr'>Regem</span> <span class='ocrx_word' id='word_1_36' title='bbox 1480 868 1967 967; x_wconf 82' lang='lat' dir='ltr'><strong>detulerunt,</strong></span> <span class='ocrx_word' id='word_1_37' title='bbox 2015 892 2183 948; x_wconf 87' lang='lat' dir='ltr'><strong>rem</strong></span> <span class='ocrx_word' id='word_1_38' title='bbox 2234 868 2441 949; x_wconf 71' lang='lat' dir='ltr'><strong>fuiss&#39;e</strong></span> <span class='ocrx_word' id='word_1_39' title='bbox 2508 872 2936 974; x_wconf 77' lang='lat' dir='ltr'><strong>vulgatam.</strong></span> <span class='ocrx_word' id='word_1_40' title='bbox 2977 797 3119 950; x_wconf 76' lang='lat' dir='ltr'><strong>cln·</strong></span> 
     </span>
     <span class='ocr_line' id='line_1_6' title="bbox 396 968 3119 1071; baseline -0.001 -17"><span class='ocrx_word' id='word_1_41' title='bbox 396 993 609 1054; x_wconf 82' lang='lat' dir='ltr'><strong>terea</strong></span> <span class='ocrx_word' id='word_1_42' title='bbox 658 973 842 1051; x_wconf 90' lang='lat' dir='ltr'><strong>dum</strong></span> <span class='ocrx_word' id='word_1_43' title='bbox 894 971 1189 1051; x_wconf 84' lang='lat' dir='ltr'><strong>secretae</strong></span> <span class='ocrx_word' id='word_1_44' title='bbox 1239 968 1711 1050; x_wconf 60' lang='lat' dir='ltr'><strong>deductionis</strong></span> <span class='ocrx_word' id='word_1_45' title='bbox 1763 968 2165 1071; x_wconf 85' lang='lat' dir='ltr'><strong>negotium</strong></span> <span class='ocrx_word' id='word_1_46' title='bbox 2219 970 2645 1051; x_wconf 88' lang='lat' dir='ltr'><strong>universam</strong></span> <span class='ocrx_word' id='word_1_47' title='bbox 2689 974 2956 1053; x_wconf 90' lang='lat' dir='ltr'><strong>urbem</strong></span> <span class='ocrx_word' id='word_1_48' title='bbox 3013 973 3119 1051; x_wconf 86' lang='lat' dir='ltr'><strong>la·</strong></span> 
     </span>
     <span class='ocr_line' id='line_1_7' title="bbox 400 1070 3121 1174; baseline 0 -22"><span class='ocrx_word' id='word_1_49' title='bbox 400 1093 567 1170; x_wconf 82' lang='lat' dir='ltr'><strong>tet,</strong></span> <span class='ocrx_word' id='word_1_50' title='bbox 615 1073 1040 1174; x_wconf 87' lang='lat' dir='ltr'><strong>sepulcrum</strong></span> <span class='ocrx_word' id='word_1_51' title='bbox 1094 1074 1165 1152; x_wconf 88' lang='lat' dir='ltr'><strong>S.</strong></span> <span class='ocrx_word' id='word_1_52' title='bbox 1220 1070 1434 1150; x_wconf 87' lang='lat' dir='ltr'><strong>Pauli</strong></span> <span class='ocrx_word' id='word_1_53' title='bbox 1485 1070 1709 1152; x_wconf 88' lang='lat' dir='ltr'><strong>saeris</strong></span> <span class='ocrx_word' id='word_1_54' title='bbox 1750 1071 1941 1170; x_wconf 81' lang='lat' dir='ltr'><strong>-ejus</strong></span> <span class='ocrx_word' id='word_1_55' title='bbox 1992 1071 2267 1152; x_wconf 86' lang='lat' dir='ltr'><strong>offibus</strong></span> <span class='ocrx_word' id='word_1_56' title='bbox 2318 1098 2645 1153; x_wconf 91' lang='lat' dir='ltr'><strong>vacuum</strong></span> <span class='ocrx_word' id='word_1_57' title='bbox 2687 1129 2714 1172; x_wconf 87' lang='lat'>‚</span> <span class='ocrx_word' id='word_1_58' title='bbox 2763 1076 2891 1154; x_wconf 86' lang='lat' dir='ltr'><strong>vel</strong></span> <span class='ocrx_word' id='word_1_59' title='bbox 2942 1073 3121 1153; x_wconf 86' lang='lat' dir='ltr'><strong>alie-</strong></span> 
     </span>
     <span class='ocr_line' id='line_1_8' title="bbox 401 1172 3124 1275; baseline 0.001 -23"><span class='ocrx_word' id='word_1_60' title='bbox 401 1173 526 1253; x_wconf 88' lang='lat' dir='ltr'><strong>nis</strong></span> <span class='ocrx_word' id='word_1_61' title='bbox 548 1173 906 1254; x_wconf 84' lang='lat' dir='ltr'><strong>refertum</strong></span> <span class='ocrx_word' id='word_1_62' title='bbox 952 1199 1105 1254; x_wconf 91' lang='lat' dir='ltr'><strong>non</strong></span> <span class='ocrx_word' id='word_1_63' title='bbox 1146 1172 1567 1273; x_wconf 88' lang='lat' dir='ltr'><strong>interrupta</strong></span> <span class='ocrx_word' id='word_1_64' title='bbox 1591 1172 2083 1253; x_wconf 87' lang='lat' dir='ltr'><strong>veneratione</strong></span> <span class='ocrx_word' id='word_1_65' title='bbox 2107 1172 2661 1275; x_wconf 84' lang='lat' dir='ltr'><strong>frequentatur.</strong></span> <span class='ocrx_word' id='word_1_66' title='bbox 2719 1176 2931 1255; x_wconf 91' lang='lat' dir='ltr'><strong>Num</strong></span> <span class='ocrx_word' id='word_1_67' title='bbox 2991 1172 3124 1254; x_wconf 92' lang='lat' dir='ltr'><strong>uid</strong></span> 
     </span>
     <span class='ocr_line' id='line_1_9' title="bbox 400 1272 3122 1393; baseline 0 -40"><span class='ocrx_word' id='word_1_68' title='bbox 400 1276 828 1375; x_wconf 86' lang='lat' dir='ltr'><strong>putandum</strong></span> <span class='ocrx_word' id='word_1_69' title='bbox 851 1274 954 1354; x_wconf 90' lang='lat' dir='ltr'><strong>est</strong></span> <span class='ocrx_word' id='word_1_70' title='bbox 975 1278 1227 1354; x_wconf 86' lang='lat' dir='ltr'><strong>Patres</strong></span> <span class='ocrx_word' id='word_1_71' title='bbox 1247 1272 1573 1376; x_wconf 84' lang='lat' dir='ltr'><strong>antiquae</strong></span> <span class='ocrx_word' id='word_1_72' title='bbox 1596 1272 1897 1381; x_wconf 76' lang='lat' dir='ltr'><strong>pietatis</strong></span> <span class='ocrx_word' id='word_1_73' title='bbox 1936 1273 2426 1356; x_wconf 85' lang='lat' dir='ltr'><strong>immemores</strong></span> <span class='ocrx_word' id='word_1_74' title='bbox 2466 1275 2881 1393; x_wconf 81' lang='lat' dir='ltr'><strong>irreligiosa</strong></span> <span class='ocrx_word' id='word_1_75' title='bbox 2961 1301 3122 1355; x_wconf 55' lang='lat' dir='ltr'><strong>rau*</strong></span> 
     </span>
     <span class='ocr_line' id='line_1_10' title="bbox 390 1374 3118 1493; baseline 0 -37"><span class='ocrx_word' id='word_1_76' title='bbox 390 1376 488 1456; x_wconf 92' lang='lat' dir='ltr'><strong>de</strong></span> <span class='ocrx_word' id='word_1_77' title='bbox 511 1374 904 1478; x_wconf 75' lang='lat' dir='ltr'><strong>permififl&#39;e</strong></span> <span class='ocrx_word' id='word_1_78' title='bbox 943 1402 1214 1478; x_wconf 90' lang='lat' dir='ltr'><strong>corpus</strong></span> <span class='ocrx_word' id='word_1_79' title='bbox 1238 1432 1265 1472; x_wconf 85' lang='lat'>‚</span> <span class='ocrx_word' id='word_1_80' title='bbox 1308 1377 1514 1478; x_wconf 91' lang='lat' dir='ltr'><strong>quod</strong></span> <span class='ocrx_word' id='word_1_81' title='bbox 1554 1377 1858 1473; x_wconf 83' lang='lat' dir='ltr'><strong>aberat,</strong></span> <span class='ocrx_word' id='word_1_82' title='bbox 1908 1376 2156 1456; x_wconf 85' lang='lat' dir='ltr'><strong>adhuc</strong></span> <span class='ocrx_word' id='word_1_83' title='bbox 2183 1403 2229 1457; x_wconf 86' lang='lat' dir='ltr'><strong>a</strong></span> <span class='ocrx_word' id='word_1_84' title='bbox 2248 1377 2531 1493; x_wconf 83' lang='lat' dir='ltr'><strong>populo</strong></span> <span class='ocrx_word' id='word_1_85' title='bbox 2567 1377 2770 1474; x_wconf 78' lang='lat' dir='ltr'><strong>coli,</strong></span> <span class='ocrx_word' id='word_1_86' title='bbox 2819 1388 3118 1459; x_wconf 62' lang='lat' dir='ltr'><strong>omnes-2</strong></span> 
     </span>
     <span class='ocr_line' id='line_1_11' title="bbox 385 1477 3114 1656; baseline 0.001 -102"><span class='ocrx_word' id='word_1_87' title='bbox 385 1500 542 1656; x_wconf 58' lang='lat' dir='ltr'><strong>gne</strong></span> <span class='ocrx_word' id='word_1_88' title='bbox 601 1479 848 1558; x_wconf 87' lang='lat' dir='ltr'><strong>Patres</strong></span> <span class='ocrx_word' id='word_1_89' title='bbox 899 1478 1395 1579; x_wconf 90' lang='lat' dir='ltr'><strong>Conscriptos</strong></span> <span class='ocrx_word' id='word_1_90' title='bbox 1448 1477 1886 1556; x_wconf 77' lang='lat' dir='ltr'><strong>intantum</strong></span> <span class='ocrx_word' id='word_1_91' title='bbox 1939 1477 2176 1557; x_wconf 87' lang='lat' dir='ltr'><strong>scelus</strong></span> <span class='ocrx_word' id='word_1_92' title='bbox 2230 1477 2558 1559; x_wconf 72' lang='lat' dir='ltr'><strong>libenter</strong></span> <span class='ocrx_word' id='word_1_93' title='bbox 2629 1479 3114 1560; x_wconf 74' lang='lat' dir='ltr'><strong>consenfiss&#39;e?</strong></span> 
     </span>
     <span class='ocr_line' id='line_1_12' title="bbox 444 1577 3105 1680; baseline 0.001 -25"><span class='ocrx_word' id='word_1_94' title='bbox 444 1577 470 1655; x_wconf 90' lang='lat' dir='ltr'><strong>i</strong></span> <span class='ocrx_word' id='word_1_95' title='bbox 526 1578 935 1680; x_wconf 88' lang='lat' dir='ltr'><strong>prudenter</strong></span> <span class='ocrx_word' id='word_1_96' title='bbox 984 1579 1246 1659; x_wconf 88' lang='lat' dir='ltr'><strong>omnia</strong></span> <span class='ocrx_word' id='word_1_97' title='bbox 1300 1578 1458 1659; x_wconf 71' lang='lat' dir='ltr'><strong>haze</strong></span> <span class='ocrx_word' id='word_1_98' title='bbox 1510 1578 1586 1658; x_wconf 77' lang='grc' dir='ltr'><strong>δε</strong></span> <span class='ocrx_word' id='word_1_99' title='bbox 1627 1598 1924 1658; x_wconf 87' lang='lat' dir='ltr'><strong>mature</strong></span> <span class='ocrx_word' id='word_1_100' title='bbox 1963 1579 2495 1677; x_wconf 87' lang='lat' dir='ltr'><strong>attendantur,</strong></span> <span class='ocrx_word' id='word_1_101' title='bbox 2548 1580 2750 1660; x_wconf 90' lang='lat' dir='ltr'><strong>haud</strong></span> <span class='ocrx_word' id='word_1_102' title='bbox 2792 1579 3105 1660; x_wconf 85' lang='lat' dir='ltr'><strong>difficile</strong></span> 
     </span>
     <span class='ocr_line' id='line_1_13' title="bbox 387 1678 3110 1783; baseline 0.001 -26"><span class='ocrx_word' id='word_1_103' title='bbox 387 1678 540 1758; x_wconf 88' lang='lat' dir='ltr'><strong>erit</strong></span> <span class='ocrx_word' id='word_1_104' title='bbox 564 1679 1092 1781; x_wconf 86' lang='lat' dir='ltr'><strong>Hungaricum</strong></span> <span class='ocrx_word' id='word_1_105' title='bbox 1118 1678 1399 1760; x_wconf 89' lang='lat' dir='ltr'><strong>codicis</strong></span> <span class='ocrx_word' id='word_1_106' title='bbox 1453 1679 1939 1782; x_wconf 87' lang='lat' dir='ltr'><strong>scriptorem,</strong></span> <span class='ocrx_word' id='word_1_107' title='bbox 1990 1704 2128 1761; x_wconf 90' lang='lat' dir='ltr'><strong>nec</strong></span> <span class='ocrx_word' id='word_1_108' title='bbox 2171 1681 2426 1783; x_wconf 86' lang='lat' dir='ltr'><strong>paucis</strong></span> <span class='ocrx_word' id='word_1_109' title='bbox 2467 1706 2606 1763; x_wconf 88' lang='lat' dir='ltr'><strong>nec</strong></span> <span class='ocrx_word' id='word_1_110' title='bbox 2653 1679 2953 1763; x_wconf 89' lang='lat' dir='ltr'><strong>levibus</strong></span> <span class='ocrx_word' id='word_1_111' title='bbox 2996 1680 3110 1762; x_wconf 83' lang='lat' dir='ltr'><strong>vi-</strong></span> 
     </span>
     <span class='ocr_line' id='line_1_14' title="bbox 350 1779 2972 1885; baseline 0.001 -27"><span class='ocrx_word' id='word_1_112' title='bbox 350 1830 366 1844; x_wconf 89' lang='lat'><strong>·</strong></span> <span class='ocrx_word' id='word_1_113' title='bbox 392 1779 524 1860; x_wconf 89' lang='lat' dir='ltr'><strong>tiis</strong></span> <span class='ocrx_word' id='word_1_114' title='bbox 581 1780 1048 1861; x_wconf 86' lang='lat' dir='ltr'><strong>laborantem</strong></span> <span class='ocrx_word' id='word_1_115' title='bbox 1080 1781 1315 1862; x_wconf 75' lang='lat' dir='ltr'><strong>nulla</strong></span> <span class='ocrx_word' id='word_1_116' title='bbox 1366 1780 1512 1861; x_wconf 84' lang='lat' dir='ltr'><strong>fide</strong></span> <span class='ocrx_word' id='word_1_117' title='bbox 1553 1782 1993 1861; x_wconf 87' lang='lat' dir='ltr'><strong>donandum</strong></span> <span class='ocrx_word' id='word_1_118' title='bbox 2032 1782 2174 1862; x_wconf 82' lang='lat' dir='ltr'><strong>effe</strong></span> <span class='ocrx_word' id='word_1_119' title='bbox 2221 1804 2391 1862; x_wconf 91' lang='lat' dir='ltr'><strong>tuto</strong></span> <span class='ocrx_word' id='word_1_120' title='bbox 2430 1782 2972 1885; x_wconf 86' lang='lat' dir='ltr'><strong>pronunciare.</strong></span> 
     </span>
     <span class='ocr_line' id='line_1_15' title="bbox 491 1880 3113 1986; baseline 0.001 -26"><span class='ocrx_word' id='word_1_121' title='bbox 491 1880 818 1961; x_wconf 90' lang='lat' dir='ltr'><strong>Interim</strong></span> <span class='ocrx_word' id='word_1_122' title='bbox 861 1882 995 1961; x_wconf 88' lang='lat' dir='ltr'><strong>illa</strong></span> <span class='ocrx_word' id='word_1_123' title='bbox 1033 1904 1249 1964; x_wconf 84' lang='lat' dir='ltr'><strong>aetate</strong></span> <span class='ocrx_word' id='word_1_124' title='bbox 1300 1882 1376 1962; x_wconf 77' lang='grc' dir='ltr'><strong>δε</strong></span> <span class='ocrx_word' id='word_1_125' title='bbox 1411 1882 1751 1984; x_wconf 88' lang='lat' dir='ltr'><strong>sequiore</strong></span> <span class='ocrx_word' id='word_1_126' title='bbox 1775 1883 2003 1963; x_wconf 87' lang='lat' dir='ltr'><strong>hodie</strong></span> <span class='ocrx_word' id='word_1_127' title='bbox 2059 1909 2153 1962; x_wconf 85' lang='lat' dir='ltr'><strong>ue</strong></span> <span class='ocrx_word' id='word_1_128' title='bbox 2172 1910 2311 1986; x_wconf 90' lang='lat' dir='ltr'><strong>pro</strong></span> <span class='ocrx_word' id='word_1_129' title='bbox 2331 1906 2541 1965; x_wconf 87' lang='lat' dir='ltr'><strong>certo</strong></span> <span class='ocrx_word' id='word_1_130' title='bbox 2567 1884 2944 1964; x_wconf 88' lang='lat' dir='ltr'><strong>habebant</strong></span> <span class='ocrx_word' id='word_1_131' title='bbox 2966 1886 3113 1963; x_wconf 88' lang='lat' dir='ltr'><strong>Ve-</strong></span> 
     </span>
     <span class='ocr_line' id='line_1_16' title="bbox 389 1981 3110 2088; baseline 0.001 -26"><span class='ocrx_word' id='word_1_132' title='bbox 389 1981 562 2063; x_wconf 86' lang='lat' dir='ltr'><strong>neti</strong></span> <span class='ocrx_word' id='word_1_133' title='bbox 586 2008 868 2086; x_wconf 88' lang='lat' dir='ltr'><strong>proque</strong></span> <span class='ocrx_word' id='word_1_134' title='bbox 890 2005 1102 2066; x_wconf 89' lang='lat' dir='ltr'><strong>certo</strong></span> <span class='ocrx_word' id='word_1_135' title='bbox 1145 1984 1425 2065; x_wconf 85' lang='lat' dir='ltr'><strong>habent</strong></span> <span class='ocrx_word' id='word_1_136' title='bbox 1447 1982 1697 2063; x_wconf 70' lang='lat' dir='ltr'><strong>Sanc’ti</strong></span> <span class='ocrx_word' id='word_1_137' title='bbox 1742 1984 1971 2085; x_wconf 90' lang='lat' dir='ltr'><strong>primi</strong></span> <span class='ocrx_word' id='word_1_138' title='bbox 2067 1985 2353 2065; x_wconf 84' lang='lat' dir='ltr'><strong>remitae</strong></span> <span class='ocrx_word' id='word_1_139' title='bbox 2372 2010 2642 2088; x_wconf 88' lang='lat' dir='ltr'><strong>corpus</strong></span> <span class='ocrx_word' id='word_1_140' title='bbox 2685 1984 2765 2064; x_wconf 90' lang='lat' dir='ltr'><strong>in</strong></span> <span class='ocrx_word' id='word_1_141' title='bbox 2788 1987 2857 2065; x_wconf 91' lang='lat' dir='ltr'><strong>S.</strong></span> <span class='ocrx_word' id='word_1_142' title='bbox 2880 1984 3110 2087; x_wconf 89' lang='lat' dir='ltr'><strong>Julia-</strong></span> 
     </span>
     <span class='ocr_line' id='line_1_17' title="bbox 383 2083 3114 2190; baseline 0.001 -26"><span class='ocrx_word' id='word_1_143' title='bbox 383 2083 469 2164; x_wconf 89' lang='lat' dir='ltr'><strong>ni</strong></span> <span class='ocrx_word' id='word_1_144' title='bbox 510 2084 707 2164; x_wconf 85' lang='lat' dir='ltr'><strong>AEde</strong></span> <span class='ocrx_word' id='word_1_145' title='bbox 758 2085 1170 2166; x_wconf 87' lang='lat' dir='ltr'><strong>adservari.</strong></span> <span class='ocrx_word' id='word_1_146' title='bbox 1224 2087 1451 2188; x_wconf 84' lang='lat' dir='ltr'><strong>Apud</strong></span> <span class='ocrx_word' id='word_1_147' title='bbox 1494 2086 1900 2188; x_wconf 84' lang='lat' dir='ltr'><strong>Hungaros</strong></span> <span class='ocrx_word' id='word_1_148' title='bbox 1950 2108 2206 2166; x_wconf 80' lang='lat' dir='ltr'><strong>tantus</strong></span> <span class='ocrx_word' id='word_1_149' title='bbox 2244 2083 2658 2190; x_wconf 77' lang='lat' dir='ltr'><strong>thesaurus,</strong></span> <span class='ocrx_word' id='word_1_150' title='bbox 2709 2086 2841 2189; x_wconf 91' lang='lat' dir='ltr'><strong>qui</strong></span> <span class='ocrx_word' id='word_1_151' title='bbox 2895 2105 3114 2168; x_wconf 85' lang='lat' dir='ltr'><strong>tanto</strong></span> 
     </span>
     <span class='ocr_line' id='line_1_18' title="bbox 383 2183 3108 2301; baseline 0 -38"><span class='ocrx_word' id='word_1_152' title='bbox 383 2183 708 2284; x_wconf 62' lang='lat' dir='ltr'><strong>jactatur</strong></span> <span class='ocrx_word' id='word_1_153' title='bbox 757 2211 1014 2267; x_wconf 89' lang='lat' dir='ltr'><strong>rerum</strong></span> <span class='ocrx_word' id='word_1_154' title='bbox 1068 2187 1469 2268; x_wconf 87' lang='lat' dir='ltr'><strong>molimine</strong></span> <span class='ocrx_word' id='word_1_155' title='bbox 1520 2210 1999 2290; x_wconf 87' lang='lat' dir='ltr'><strong>comparatus</strong></span> <span class='ocrx_word' id='word_1_156' title='bbox 2040 2244 2068 2285; x_wconf 86' lang='lat'><strong>‚</strong></span> <span class='ocrx_word' id='word_1_157' title='bbox 2140 2189 2420 2301; x_wconf 88' lang='lat' dir='ltr'><strong>quique</strong></span> <span class='ocrx_word' id='word_1_158' title='bbox 2472 2189 2806 2294; x_wconf 89' lang='lat' dir='ltr'><strong>primum</strong></span> <span class='ocrx_word' id='word_1_159' title='bbox 2859 2185 2944 2265; x_wconf 86' lang='lat' dir='ltr'><strong>in</strong></span> <span class='ocrx_word' id='word_1_160' title='bbox 2993 2214 3108 2266; x_wconf 88' lang='lat' dir='ltr'><strong>ca-</strong></span> 
     </span>
     <span class='ocr_line' id='line_1_19' title="bbox 369 2280 3109 2399; baseline 0.001 -35"><span class='ocrx_word' id='word_1_161' title='bbox 369 2280 593 2385; x_wconf 82' lang='lat' dir='ltr'><strong>pella</strong></span> <span class='ocrx_word' id='word_1_162' title='bbox 631 2285 837 2398; x_wconf 81' lang='lat' dir='ltr'><strong>regia</strong></span> <span class='ocrx_word' id='word_1_163' title='bbox 873 2286 1016 2387; x_wconf 85' lang='lat' dir='ltr'><strong>sub</strong></span> <span class='ocrx_word' id='word_1_164' title='bbox 1059 2284 1380 2387; x_wconf 81' lang='lat' dir='ltr'><strong>custodia</strong></span> <span class='ocrx_word' id='word_1_165' title='bbox 1415 2287 1744 2399; x_wconf 78' lang='lat' dir='ltr'><strong>fratrum</strong></span> <span class='ocrx_word' id='word_1_166' title='bbox 1786 2289 2112 2385; x_wconf 84' lang='lat' dir='ltr'><strong>ejusdem</strong></span> <span class='ocrx_word' id='word_1_167' title='bbox 2153 2287 2428 2369; x_wconf 76' lang='lat' dir='ltr'><strong>ordinis</strong></span> <span class='ocrx_word' id='word_1_168' title='bbox 2466 2347 2494 2389; x_wconf 83' lang='lat'>‚</span> <span class='ocrx_word' id='word_1_169' title='bbox 2545 2315 2728 2372; x_wconf 82' lang='lat' dir='ltr'><strong>mox</strong></span> <span class='ocrx_word' id='word_1_170' title='bbox 2780 2287 3109 2371; x_wconf 82' lang='lat' dir='ltr'><strong>solemni</strong></span> 
     </span>
     <span class='ocr_line' id='line_1_20' title="bbox 487 2382 3110 2494; baseline 0.002 -29"><span class='ocrx_word' id='word_1_171' title='bbox 487 2411 568 2465; x_wconf 87' lang='lat' dir='ltr'><strong>rn</strong></span> <span class='ocrx_word' id='word_1_172' title='bbox 574 2413 667 2489; x_wconf 92' lang='lat' dir='ltr'><strong>pa</strong></span> <span class='ocrx_word' id='word_1_173' title='bbox 719 2415 801 2465; x_wconf 86' lang='lat' dir='ltr'><strong>m</strong></span> <span class='ocrx_word' id='word_1_174' title='bbox 858 2382 1180 2488; x_wconf 74' lang='lat' dir='ltr'><strong>Ecclesia</strong></span> <span class='ocrx_word' id='word_1_175' title='bbox 1239 2386 1438 2468; x_wconf 77' lang='lat' dir='ltr'><strong>Divi</strong></span> <span class='ocrx_word' id='word_1_176' title='bbox 1497 2386 1881 2468; x_wconf 82' lang='lat' dir='ltr'><strong>Laurentii</strong></span> <span class='ocrx_word' id='word_1_177' title='bbox 1922 2387 2006 2466; x_wconf 83' lang='lat' dir='ltr'><strong>in</strong></span> <span class='ocrx_word' id='word_1_178' title='bbox 2046 2383 2244 2468; x_wconf 89' lang='lat' dir='ltr'><strong>claro</strong></span> <span class='ocrx_word' id='word_1_179' title='bbox 2285 2413 2531 2471; x_wconf 80' lang='lat' dir='ltr'><strong>monte</strong></span> <span class='ocrx_word' id='word_1_180' title='bbox 2571 2389 2906 2494; x_wconf 82' lang='lat' dir='ltr'><strong>Wudenfi</strong></span> <span class='ocrx_word' id='word_1_181' title='bbox 2955 2390 3110 2471; x_wconf 85' lang='lat' dir='ltr'><strong>col-</strong></span> 
     </span>
     <span class='ocr_line' id='line_1_21' title="bbox 413 2486 3108 2605; baseline 0 -38"><span class='ocrx_word' id='word_1_182' title='bbox 413 2509 729 2600; x_wconf 80' lang='lat' dir='ltr'><strong>ocatum</strong></span> <span class='ocrx_word' id='word_1_183' title='bbox 756 2488 1106 2601; x_wconf 57' lang='lat' dir='ltr'><strong>“dicitur‚</strong></span> <span class='ocrx_word' id='word_1_184' title='bbox 1159 2491 1292 2569; x_wconf 88' lang='lat' dir='ltr'><strong>ubi</strong></span> <span class='ocrx_word' id='word_1_185' title='bbox 1345 2492 1440 2571; x_wconf 89' lang='lat' dir='ltr'><strong>ab</strong></span> <span class='ocrx_word' id='word_1_186' title='bbox 1491 2486 1785 2588; x_wconf 84' lang='lat' dir='ltr'><strong>egregia</strong></span> <span class='ocrx_word' id='word_1_187' title='bbox 1832 2489 2054 2571; x_wconf 80' lang='lat' dir='ltr'><strong>turba</strong></span> <span class='ocrx_word' id='word_1_188' title='bbox 2093 2488 2624 2571; x_wconf 77' lang='lat' dir='ltr'><strong>monachorum</strong></span> <span class='ocrx_word' id='word_1_189' title='bbox 2664 2492 2793 2605; x_wconf 76' lang='lat' dir='ltr'><strong>qui</strong></span> <span class='ocrx_word' id='word_1_190' title='bbox 2825 2491 2970 2592; x_wconf 86' lang='lat' dir='ltr'><strong>sub</strong></span> <span class='ocrx_word' id='word_1_191' title='bbox 3011 2488 3108 2571; x_wconf 85' lang='lat' dir='ltr'><strong>ti-</strong></span> 
     </span>
     <span class='ocr_line' id='line_1_22' title="bbox 369 2584 3103 2693; baseline 0.004 -25"><span class='ocrx_word' id='word_1_192' title='bbox 369 2584 545 2668; x_wconf 69' lang='lat' dir='ltr'><strong>tulo</strong></span> <span class='ocrx_word' id='word_1_193' title='bbox 587 2586 770 2667; x_wconf 56' lang='lat' dir='ltr'><strong>dael,</strong></span> <span class='ocrx_word' id='word_1_194' title='bbox 810 2589 1060 2670; x_wconf 81' lang='lat' dir='ltr'><strong>Patris</strong></span> <span class='ocrx_word' id='word_1_195' title='bbox 1098 2587 1373 2690; x_wconf 82' lang='lat' dir='ltr'><strong>degunt</strong></span> <span class='ocrx_word' id='word_1_196' title='bbox 1422 2589 1717 2676; x_wconf 87' lang='lat' dir='ltr'><strong>cautius</strong></span> <span class='ocrx_word' id='word_1_197' title='bbox 1769 2590 2268 2675; x_wconf 86' lang='lat' dir='ltr'><strong>custodiretur</strong></span> <span class='ocrx_word' id='word_1_198' title='bbox 2305 2648 2333 2690; x_wconf 86' lang='lat'>‚</span> <span class='ocrx_word' id='word_1_199' title='bbox 2404 2590 2740 2693; x_wconf 75' lang='lat' dir='ltr'><strong>disper-itt</strong></span> <span class='ocrx_word' id='word_1_200' title='bbox 2789 2594 3103 2679; x_wconf 81' lang='lat' dir='ltr'><strong>tandem</strong></span> 
     </span>
     <span class='ocr_line' id='line_1_23' title="bbox 385 2685 3102 2805; baseline 0.002 -38"><span class='ocrx_word' id='word_1_201' title='bbox 385 2685 762 2805; x_wconf 69' lang='lat' dir='ltr'><strong>eustorium</strong></span> <span class='ocrx_word' id='word_1_202' title='bbox 836 2688 1124 2771; x_wconf 85' lang='lat' dir='ltr'><strong>incuria</strong></span> <span class='ocrx_word' id='word_1_203' title='bbox 1156 2747 1185 2791; x_wconf 84' lang='lat'>‚</span> <span class='ocrx_word' id='word_1_204' title='bbox 1235 2693 1310 2775; x_wconf 79' lang='lat'><strong>8&lt;</strong></span> <span class='ocrx_word' id='word_1_205' title='bbox 1361 2720 1405 2773; x_wconf 89' lang='lat' dir='ltr'><strong>a</strong></span> <span class='ocrx_word' id='word_1_206' title='bbox 1455 2708 1609 2795; x_wconf 80' lang='lat' dir='ltr'><strong>quo</strong></span> <span class='ocrx_word' id='word_1_207' title='bbox 1648 2746 1676 2790; x_wconf 84' lang='lat'>‚</span> <span class='ocrx_word' id='word_1_208' title='bbox 1725 2692 1802 2774; x_wconf 78' lang='lat'><strong>8&lt;</strong></span> <span class='ocrx_word' id='word_1_209' title='bbox 1853 2692 1935 2773; x_wconf 91' lang='lat' dir='ltr'><strong>in</strong></span> <span class='ocrx_word' id='word_1_210' title='bbox 1985 2719 2216 2798; x_wconf 89' lang='lat' dir='ltr'><strong>quem</strong></span> <span class='ocrx_word' id='word_1_211' title='bbox 2290 2694 2551 2776; x_wconf 88' lang='lat' dir='ltr'><strong>locum</strong></span> <span class='ocrx_word' id='word_1_212' title='bbox 2602 2693 2939 2775; x_wconf 89' lang='lat' dir='ltr'><strong>delatum</strong></span> <span class='ocrx_word' id='word_1_213' title='bbox 3010 2691 3102 2772; x_wconf 79' lang='lat' dir='ltr'><strong>stt</strong></span> 
     </span>
    </p>
   </div>
   <div class='ocr_carea' id='block_1_3' title="bbox 272 2813 835 2893">
    <p class='ocr_par' dir='ltr' id='par_1_3' title="bbox 272 2813 835 2893">
     <span class='ocr_line' id='line_1_24' title="bbox 272 2813 835 2893; baseline -0.004 -20"><span class='ocrx_word' id='word_1_214' title='bbox 272 2870 277 2873; x_wconf 57' lang='lat'><em>„</em></span> <span class='ocrx_word' id='word_1_215' title='bbox 390 2813 795 2893; x_wconf 75' lang='lat' dir='ltr'><strong>ignoratur</strong></span> <span class='ocrx_word' id='word_1_216' title='bbox 817 2851 835 2871; x_wconf 99' lang='lat'><strong>.</strong></span> 
     </span>
    </p>
   </div>
   <div class='ocr_carea' id='block_1_4' title="bbox 375 2888 3117 3511">
    <p class='ocr_par' dir='ltr' id='par_1_4' title="bbox 375 2888 3117 3511">
     <span class='ocr_line' id='line_1_25' title="bbox 486 2888 3097 3000; baseline -0 -28"><span class='ocrx_word' id='word_1_217' title='bbox 486 2892 726 2973; x_wconf 88' lang='lat' dir='ltr'><strong>Addit</strong></span> <span class='ocrx_word' id='word_1_218' title='bbox 778 2920 1208 2997; x_wconf 83' lang='lat' dir='ltr'><strong>anonymus</strong></span> <span class='ocrx_word' id='word_1_219' title='bbox 1262 2895 1575 2995; x_wconf 71' lang='lat' dir='ltr'><strong>sanHas</strong></span> <span class='ocrx_word' id='word_1_220' title='bbox 1613 2893 1997 3000; x_wconf 80' lang='lat' dir='ltr'><strong>Reliquias</strong></span> <span class='ocrx_word' id='word_1_221' title='bbox 2058 2898 2149 2979; x_wconf 86' lang='lat' dir='ltr'><strong>de</strong></span> <span class='ocrx_word' id='word_1_222' title='bbox 2211 2891 2522 2997; x_wconf 77' lang='lat' dir='ltr'><strong>Capella</strong></span> <span class='ocrx_word' id='word_1_223' title='bbox 2588 2891 2795 2993; x_wconf 86' lang='lat' dir='ltr'><strong>regia</strong></span> <span class='ocrx_word' id='word_1_224' title='bbox 2845 2888 2928 2970; x_wconf 84' lang='lat' dir='ltr'><strong>in</strong></span> <span class='ocrx_word' id='word_1_225' title='bbox 2966 2899 3097 2986; x_wconf 76' lang='lat' dir='ltr'><strong>Ee-</strong></span> 
     </span>
     <span class='ocr_line' id='line_1_26' title="bbox 380 2989 3106 3119; baseline 0 -49"><span class='ocrx_word' id='word_1_226' title='bbox 380 2989 678 3095; x_wconf 85' lang='lat' dir='ltr'><strong>clestam</strong></span> <span class='ocrx_word' id='word_1_227' title='bbox 739 3004 814 3074; x_wconf 83' lang='lat' dir='ltr'><strong>S.</strong></span> <span class='ocrx_word' id='word_1_228' title='bbox 872 2996 1257 3078; x_wconf 80' lang='lat' dir='ltr'><strong>Laurentii</strong></span> <span class='ocrx_word' id='word_1_229' title='bbox 1307 2995 1390 3077; x_wconf 84' lang='lat' dir='ltr'><strong>in</strong></span> <span class='ocrx_word' id='word_1_230' title='bbox 1441 3024 1688 3081; x_wconf 78' lang='lat' dir='ltr'><strong>monte</strong></span> <span class='ocrx_word' id='word_1_231' title='bbox 1751 2996 2088 3119; x_wconf 74' lang='lat' dir='ltr'><strong>Wudenfi</strong></span> <span class='ocrx_word' id='word_1_232' title='bbox 2150 2998 2498 3080; x_wconf 61' lang='lat' dir='ltr'><strong>deduRas</strong></span> <span class='ocrx_word' id='word_1_233' title='bbox 2551 2996 2760 3077; x_wconf 78' lang='lat' dir='ltr'><strong>fhiffe</strong></span> <span class='ocrx_word' id='word_1_234' title='bbox 2825 2999 3106 3106; x_wconf 66' lang='lat' dir='ltr'><strong>XVIII..</strong></span> 
     </span>
     <span class='ocr_line' id='line_1_27' title="bbox 377 3087 3108 3211; baseline -0.001 -35"><span class='ocrx_word' id='word_1_235' title='bbox 377 3087 701 3196; x_wconf 79' lang='lat' dir='ltr'><strong>Kalend.</strong></span> <span class='ocrx_word' id='word_1_236' title='bbox 739 3097 1171 3209; x_wconf 73' lang='lat' dir='ltr'><strong>Decembris</strong></span> <span class='ocrx_word' id='word_1_237' title='bbox 1186 3156 1212 3198; x_wconf 82' lang='lat'>‚</span> <span class='ocrx_word' id='word_1_238' title='bbox 1264 3102 1475 3203; x_wconf 88' lang='lat' dir='ltr'><strong>cujus</strong></span> <span class='ocrx_word' id='word_1_239' title='bbox 1517 3103 2076 3184; x_wconf 87' lang='lat' dir='ltr'><strong>Translatioms</strong></span> <span class='ocrx_word' id='word_1_240' title='bbox 2127 3101 2332 3183; x_wconf 89' lang='lat' dir='ltr'><strong>diem</strong></span> <span class='ocrx_word' id='word_1_241' title='bbox 2376 3098 2709 3198; x_wconf 72' lang='lat' dir='ltr'><strong>deinceps</strong></span> <span class='ocrx_word' id='word_1_242' title='bbox 2748 3092 3108 3211; x_wconf 63' lang='lat' dir='ltr'><strong>celebrare</strong></span> 
     </span>
     <span class='ocr_line' id='line_1_28' title="bbox 375 3194 3102 3310; baseline 0.001 -39"><span class='ocrx_word' id='word_1_243' title='bbox 375 3195 787 3307; x_wconf 66' lang='lat' dir='ltr'><strong>mandavit</strong></span> <span class='ocrx_word' id='word_1_244' title='bbox 825 3202 1270 3282; x_wconf 87' lang='lat' dir='ltr'><strong>Demetrius</strong></span> <span class='ocrx_word' id='word_1_245' title='bbox 1342 3205 1413 3282; x_wconf 89' lang='lat' dir='ltr'><strong>S.</strong></span> <span class='ocrx_word' id='word_1_246' title='bbox 1469 3207 1562 3282; x_wconf 87' lang='lat' dir='ltr'><strong>R.</strong></span> <span class='ocrx_word' id='word_1_247' title='bbox 1615 3206 1707 3283; x_wconf 92' lang='lat' dir='ltr'><strong>E.</strong></span> <span class='ocrx_word' id='word_1_248' title='bbox 1761 3203 2190 3286; x_wconf 85' lang='lat' dir='ltr'><strong>Cardinalis</strong></span> <span class='ocrx_word' id='word_1_249' title='bbox 2251 3197 2677 3308; x_wconf 80' lang='lat' dir='ltr'><strong>Ap&#39;ostolicae</strong></span> <span class='ocrx_word' id='word_1_250' title='bbox 2735 3194 2943 3279; x_wconf 73' lang='lat' dir='ltr'><strong>Sedis</strong></span> <span class='ocrx_word' id='word_1_251' title='bbox 3015 3222 3102 3310; x_wconf 60' lang='lat' dir='ltr'><strong>vg</strong></span> 
     </span>
     <span class='ocr_line' id='line_1_29' title="bbox 377 3298 3117 3408; baseline 0 -34"><span class='ocrx_word' id='word_1_252' title='bbox 377 3298 658 3408; x_wconf 74' lang='lat' dir='ltr'><strong>Regms</strong></span> <span class='ocrx_word' id='word_1_253' title='bbox 697 3299 1039 3399; x_wconf 80' lang='lat' dir='ltr'><strong>Ungariae</strong></span> <span class='ocrx_word' id='word_1_254' title='bbox 1080 3320 1137 3399; x_wconf 63' lang='grc'><strong>,“</strong></span> <span class='ocrx_word' id='word_1_255' title='bbox 1176 3299 1277 3381; x_wconf 66' lang='lat' dir='ltr'><strong>O*</strong></span> <span class='ocrx_word' id='word_1_256' title='bbox 1335 3298 1654 3383; x_wconf 79' lang='lat' dir='ltr'><strong>Poloniae</strong></span> <span class='ocrx_word' id='word_1_257' title='bbox 1690 3313 2010 3404; x_wconf 79' lang='lat' dir='ltr'><strong>Legatus</strong></span> <span class='ocrx_word' id='word_1_258' title='bbox 2049 3358 2076 3401; x_wconf 83' lang='lat'>‚</span> <span class='ocrx_word' id='word_1_259' title='bbox 2126 3303 2258 3406; x_wconf 87' lang='lat' dir='ltr'><strong>qui</strong></span> <span class='ocrx_word' id='word_1_260' title='bbox 2307 3306 2401 3383; x_wconf 89' lang='lat' dir='ltr'><strong>de</strong></span> <span class='ocrx_word' id='word_1_261' title='bbox 2440 3300 2663 3403; x_wconf 82' lang='lat' dir='ltr'><strong>Regis</strong></span> <span class='ocrx_word' id='word_1_262' title='bbox 2712 3299 2813 3381; x_wconf 64' lang='lat' dir='ltr'><strong>O*</strong></span> <span class='ocrx_word' id='word_1_263' title='bbox 2853 3308 3117 3397; x_wconf 80' lang='lat' dir='ltr'><strong>Regm-</strong></span> 
     </span>
     <span class='ocr_line' id='line_1_30' title="bbox 375 3398 3102 3511; baseline -0 -31"><span class='ocrx_word' id='word_1_264' title='bbox 375 3421 748 3494; x_wconf 77' lang='lat' dir='ltr'><strong>majorum</strong></span> <span class='ocrx_word' id='word_1_265' title='bbox 798 3402 1113 3483; x_wconf 88' lang='lat' dir='ltr'><strong>confilio</strong></span> <span class='ocrx_word' id='word_1_266' title='bbox 1165 3402 1246 3479; x_wconf 83' lang='lat' dir='ltr'><strong>in</strong></span> <span class='ocrx_word' id='word_1_267' title='bbox 1311 3398 1468 3504; x_wconf 88' lang='lat' dir='ltr'><strong>ipsa</strong></span> <span class='ocrx_word' id='word_1_268' title='bbox 1508 3398 1829 3508; x_wconf 83' lang='lat' dir='ltr'><strong>Ecclesta</strong></span> <span class='ocrx_word' id='word_1_269' title='bbox 1887 3402 2399 3483; x_wconf 85' lang='lat' dir='ltr'><strong>venerandum</strong></span> <span class='ocrx_word' id='word_1_270' title='bbox 2451 3426 2695 3502; x_wconf 82' lang='lat' dir='ltr'><strong>corpus</strong></span> <span class='ocrx_word' id='word_1_271' title='bbox 2745 3401 3102 3511; x_wconf 70' lang='lat' dir='ltr'><strong>deposue-</strong></span> 
     </span>
    </p>
   </div>
   <div class='ocr_carea' id='block_1_5' title="bbox 238 3499 3091 3607">
    <p class='ocr_par' dir='ltr' id='par_1_5' title="bbox 238 3499 3091 3607">
     <span class='ocr_line' id='line_1_31' title="bbox 238 3499 3091 3607; baseline 0.001 -33"><span class='ocrx_word' id='word_1_272' title='bbox 238 3587 242 3590; x_wconf 8' lang='grc' dir='ltr'><em>Α</em></span> <span class='ocrx_word' id='word_1_273' title='bbox 377 3518 537 3576; x_wconf 88' lang='lat' dir='ltr'><strong>rat.</strong></span> <span class='ocrx_word' id='word_1_274' title='bbox 593 3504 697 3579; x_wconf 89' lang='lat' dir='ltr'><strong>At</strong></span> <span class='ocrx_word' id='word_1_275' title='bbox 741 3502 1170 3603; x_wconf 84' lang='lat' dir='ltr'><strong>Religiosus</strong></span> <span class='ocrx_word' id='word_1_276' title='bbox 1213 3505 1428 3582; x_wconf 87' lang='lat' dir='ltr'><strong>Ordo</strong></span> <span class='ocrx_word' id='word_1_277' title='bbox 1466 3560 1492 3603; x_wconf 82' lang='lat'>‚</span> <span class='ocrx_word' id='word_1_278' title='bbox 1563 3507 1695 3607; x_wconf 88' lang='lat' dir='ltr'><strong>qui</strong></span> <span class='ocrx_word' id='word_1_279' title='bbox 1748 3509 1819 3586; x_wconf 89' lang='lat' dir='ltr'><strong>S.</strong></span> <span class='ocrx_word' id='word_1_280' title='bbox 1886 3508 2121 3586; x_wconf 88' lang='lat' dir='ltr'><strong>Paulo</strong></span> <span class='ocrx_word' id='word_1_281' title='bbox 2172 3527 2559 3604; x_wconf 60' lang='lat' dir='ltr'><strong>tamquam</strong></span> <span class='ocrx_word' id='word_1_282' title='bbox 2611 3503 2748 3604; x_wconf 88' lang='lat' dir='ltr'><strong>suo</strong></span> <span class='ocrx_word' id='word_1_283' title='bbox 2801 3499 3091 3600; x_wconf 65' lang='lat' dir='ltr'><strong>capiti,</strong></span> 
     </span>
    </p>
   </div>
   <div class='ocr_carea' id='block_1_6' title="bbox 240 3598 3094 4420">
    <p class='ocr_par' dir='ltr' id='par_1_6' title="bbox 240 3598 3094 4420">
     <span class='ocr_line' id='line_1_32' title="bbox 374 3598 3091 3707; baseline -0.003 -22"><span class='ocrx_word' id='word_1_284' title='bbox 374 3598 645 3700; x_wconf 80' lang='lat' dir='ltr'><strong>Patri,</strong></span> <span class='ocrx_word' id='word_1_285' title='bbox 668 3600 1027 3707; x_wconf 82' lang='lat' dir='ltr'><strong>Magistro</strong></span> <span class='ocrx_word' id='word_1_286' title='bbox 1048 3662 1074 3702; x_wconf 90' lang='lat'>‚</span> <span class='ocrx_word' id='word_1_287' title='bbox 1097 3604 1294 3707; x_wconf 86' lang='lat' dir='ltr'><strong>Duci</strong></span> <span class='ocrx_word' id='word_1_288' title='bbox 1308 3599 1649 3705; x_wconf 83' lang='lat' dir='ltr'><strong>sedulum</strong></span> <span class='ocrx_word' id='word_1_289' title='bbox 1662 3662 1689 3706; x_wconf 93' lang='lat'>‚</span> <span class='ocrx_word' id='word_1_290' title='bbox 1742 3635 1829 3687; x_wconf 91' lang='lat' dir='ltr'><strong>ac</strong></span> <span class='ocrx_word' id='word_1_291' title='bbox 1851 3604 2179 3687; x_wconf 81' lang='lat' dir='ltr'><strong>debitum</strong></span> <span class='ocrx_word' id='word_1_292' title='bbox 2204 3601 2567 3707; x_wconf 80' lang='lat' dir='ltr'><strong>impendit</strong></span> <span class='ocrx_word' id='word_1_293' title='bbox 2596 3598 3091 3706; x_wconf 77' lang='lat' dir='ltr'><strong>famulatum,</strong></span> 
     </span>
     <span class='ocr_line' id='line_1_33' title="bbox 383 3700 3094 3811; baseline 0.001 -32"><span class='ocrx_word' id='word_1_294' title='bbox 383 3700 1010 3785; x_wconf 84' lang='lat' dir='ltr'><strong>Translationem</strong></span> <span class='ocrx_word' id='word_1_295' title='bbox 1063 3733 1106 3787; x_wconf 92' lang='lat' dir='ltr'><strong>e</strong></span> <span class='ocrx_word' id='word_1_296' title='bbox 1170 3707 1598 3808; x_wconf 85' lang='lat' dir='ltr'><strong>Byzantina</strong></span> <span class='ocrx_word' id='word_1_297' title='bbox 1660 3711 1872 3789; x_wconf 82' lang='lat' dir='ltr'><strong>Urbe</strong></span> <span class='ocrx_word' id='word_1_298' title='bbox 1929 3708 2293 3789; x_wconf 84' lang='lat' dir='ltr'><strong>Venetias</strong></span> <span class='ocrx_word' id='word_1_299' title='bbox 2344 3706 2716 3811; x_wconf 63' lang='lat' dir='ltr'><strong>peraRam</strong></span> <span class='ocrx_word' id='word_1_300' title='bbox 2772 3704 2926 3809; x_wconf 86' lang='lat' dir='ltr'><strong>ipsa</strong></span> <span class='ocrx_word' id='word_1_301' title='bbox 2967 3702 3094 3783; x_wconf 85' lang='lat' dir='ltr'><strong>die</strong></span> 
     </span>
     <span class='ocr_line' id='line_1_34' title="bbox 372 3804 3089 3911; baseline 0 -30"><span class='ocrx_word' id='word_1_302' title='bbox 372 3824 538 3883; x_wconf 76' lang='lat' dir='ltr'><strong>xlv,</strong></span> <span class='ocrx_word' id='word_1_303' title='bbox 604 3808 1075 3889; x_wconf 89' lang='lat' dir='ltr'><strong>Novembris</strong></span> <span class='ocrx_word' id='word_1_304' title='bbox 1127 3810 1414 3891; x_wconf 88' lang='lat' dir='ltr'><strong>Officio</strong></span> <span class='ocrx_word' id='word_1_305' title='bbox 1484 3810 2005 3892; x_wconf 81' lang='lat' dir='ltr'><strong>Ecclefiastico</strong></span> <span class='ocrx_word' id='word_1_306' title='bbox 2074 3812 2210 3889; x_wconf 94' lang='lat' dir='ltr'><strong>sub</strong></span> <span class='ocrx_word' id='word_1_307' title='bbox 2282 3809 2437 3890; x_wconf 91' lang='lat' dir='ltr'><strong>ritu</strong></span> <span class='ocrx_word' id='word_1_308' title='bbox 2491 3806 2777 3911; x_wconf 89' lang='lat' dir='ltr'><strong>duplici</strong></span> <span class='ocrx_word' id='word_1_309' title='bbox 2827 3804 3021 3887; x_wconf 90' lang='lat' dir='ltr'><strong>colit</strong></span> <span class='ocrx_word' id='word_1_310' title='bbox 3058 3859 3089 3902; x_wconf 84' lang='lat'><em>‚</em></span> 
     </span>
     <span class='ocr_line' id='line_1_35' title="bbox 372 3903 3091 4012; baseline -0 -26"><span class='ocrx_word' id='word_1_311' title='bbox 372 3903 710 4010; x_wconf 86' lang='lat' dir='ltr'><strong>dumque</strong></span> <span class='ocrx_word' id='word_1_312' title='bbox 761 3911 845 3989; x_wconf 89' lang='lat' dir='ltr'><strong>in</strong></span> <span class='ocrx_word' id='word_1_313' title='bbox 898 3912 1204 3993; x_wconf 87' lang='lat' dir='ltr'><strong>secundi</strong></span> <span class='ocrx_word' id='word_1_314' title='bbox 1258 3911 1610 3995; x_wconf 59' lang='lat' dir='ltr'><strong>nocturni</strong></span> <span class='ocrx_word' id='word_1_315' title='bbox 1662 3911 2120 3995; x_wconf 69' lang='lat' dir='ltr'><strong>leffionibus</strong></span> <span class='ocrx_word' id='word_1_316' title='bbox 2162 3914 2474 3992; x_wconf 89' lang='lat' dir='ltr'><strong>Sacrum</strong></span> <span class='ocrx_word' id='word_1_317' title='bbox 2537 3911 2840 4012; x_wconf 90' lang='lat' dir='ltr'><strong>Corpus</strong></span> <span class='ocrx_word' id='word_1_318' title='bbox 2892 3904 3091 3987; x_wconf 83' lang='lat' dir='ltr'><strong>Divi</strong></span> 
     </span>
     <span class='ocr_line' id='line_1_36' title="bbox 270 4002 3088 4118; baseline 0.001 -36"><span class='ocrx_word' id='word_1_319' title='bbox 270 4020 277 4026; x_wconf 85' lang='grc'><em>·</em></span> <span class='ocrx_word' id='word_1_320' title='bbox 373 4002 597 4086; x_wconf 86' lang='lat' dir='ltr'><strong>Pauli</strong></span> <span class='ocrx_word' id='word_1_321' title='bbox 628 4010 872 4091; x_wconf 52' lang='lat' dir='ltr'><strong>&gt;refert</strong></span> <span class='ocrx_word' id='word_1_322' title='bbox 922 4026 967 4091; x_wconf 87' lang='lat' dir='ltr'><strong>a</strong></span> <span class='ocrx_word' id='word_1_323' title='bbox 995 4013 1285 4115; x_wconf 88' lang='lat' dir='ltr'><strong>Jacobo</strong></span> <span class='ocrx_word' id='word_1_324' title='bbox 1345 4023 1511 4094; x_wconf 81' lang='lat' dir='ltr'><strong>Lan</strong></span> <span class='ocrx_word' id='word_1_325' title='bbox 1575 4013 1642 4095; x_wconf 83' lang='lat' dir='ltr'><strong>io</strong></span> <span class='ocrx_word' id='word_1_326' title='bbox 1714 4017 1744 4118; x_wconf 90' lang='lat'>(</span> <span class='ocrx_word' id='word_1_327' title='bbox 1787 4015 2041 4097; x_wconf 86' lang='lat' dir='ltr'><strong>verius</strong></span> <span class='ocrx_word' id='word_1_328' title='bbox 2083 4015 2422 4095; x_wconf 87' lang='lat' dir='ltr'><strong>Lanzolo</strong></span> <span class='ocrx_word' id='word_1_329' title='bbox 2463 4012 2491 4112; x_wconf 95' lang='lat'>)</span> <span class='ocrx_word' id='word_1_330' title='bbox 2544 4010 2910 4093; x_wconf 88' lang='lat' dir='ltr'><strong>Venetias</strong></span> <span class='ocrx_word' id='word_1_331' title='bbox 2961 4009 3088 4086; x_wconf 82' lang='lat' dir='ltr'><strong>de-</strong></span> 
     </span>
     <span class='ocr_line' id='line_1_37' title="bbox 375 4106 3092 4224; baseline 0 -38"><span class='ocrx_word' id='word_1_332' title='bbox 375 4106 733 4207; x_wconf 63' lang='lat' dir='ltr'><strong>duflum,</strong></span> <span class='ocrx_word' id='word_1_333' title='bbox 783 4113 858 4192; x_wconf 78' lang='lat'><strong>8&lt;</strong></span> <span class='ocrx_word' id='word_1_334' title='bbox 908 4113 993 4193; x_wconf 87' lang='lat' dir='ltr'><strong>in</strong></span> <span class='ocrx_word' id='word_1_335' title='bbox 1035 4116 1368 4197; x_wconf 88' lang='lat' dir='ltr'><strong>Ecclefia</strong></span> <span class='ocrx_word' id='word_1_336' title='bbox 1420 4119 1491 4197; x_wconf 91' lang='lat' dir='ltr'><strong>S.</strong></span> <span class='ocrx_word' id='word_1_337' title='bbox 1574 4116 1816 4211; x_wconf 86' lang='lat' dir='ltr'><strong>uliani</strong></span> <span class='ocrx_word' id='word_1_338' title='bbox 1863 4117 2235 4219; x_wconf 86' lang='lat' dir='ltr'><strong>Martyris</strong></span> <span class='ocrx_word' id='word_1_339' title='bbox 2290 4114 2710 4196; x_wconf 88' lang='lat' dir='ltr'><strong>honorifice</strong></span> <span class='ocrx_word' id='word_1_340' title='bbox 2762 4111 3092 4224; x_wconf 80' lang='lat' dir='ltr'><strong>colloca-</strong></span> 
     </span>
     <span class='ocr_line' id='line_1_38' title="bbox 240 4211 3087 4319; baseline -0.001 -28"><span class='ocrx_word' id='word_1_341' title='bbox 240 4254 247 4259; x_wconf 83' lang='lat'><em>-</em></span> <span class='ocrx_word' id='word_1_342' title='bbox 377 4228 547 4288; x_wconf 87' lang='lat' dir='ltr'><strong>tum</strong></span> <span class='ocrx_word' id='word_1_343' title='bbox 592 4266 619 4306; x_wconf 73' lang='lat'>‚</span> <span class='ocrx_word' id='word_1_344' title='bbox 692 4213 1213 4316; x_wconf 84' lang='lat' dir='ltr'><strong>Hungaricam</strong></span> <span class='ocrx_word' id='word_1_345' title='bbox 1285 4219 1864 4300; x_wconf 87' lang='lat' dir='ltr'><strong>translationem</strong></span> <span class='ocrx_word' id='word_1_346' title='bbox 1931 4220 2092 4298; x_wconf 88' lang='lat' dir='ltr'><strong>alto</strong></span> <span class='ocrx_word' id='word_1_347' title='bbox 2163 4218 2462 4298; x_wconf 89' lang='lat' dir='ltr'><strong>filentio</strong></span> <span class='ocrx_word' id='word_1_348' title='bbox 2532 4211 3087 4319; x_wconf 64' lang='lat' dir='ltr'><strong>praetermittit,</strong></span> 
     </span>
     <span class='ocr_line' id='line_1_39' title="bbox 374 4310 3090 4420; baseline -0.001 -31"><span class='ocrx_word' id='word_1_349' title='bbox 374 4312 727 4414; x_wconf 87' lang='lat' dir='ltr'><strong>quodque</strong></span> <span class='ocrx_word' id='word_1_350' title='bbox 780 4315 1212 4396; x_wconf 88' lang='lat' dir='ltr'><strong>mirandum</strong></span> <span class='ocrx_word' id='word_1_351' title='bbox 1265 4318 1505 4420; x_wconf 81' lang='lat' dir='ltr'><strong>tnagis</strong></span> <span class='ocrx_word' id='word_1_352' title='bbox 1559 4318 1662 4397; x_wconf 87' lang='lat' dir='ltr'><strong>est</strong></span> <span class='ocrx_word' id='word_1_353' title='bbox 1693 4374 1721 4416; x_wconf 85' lang='lat'>‚</span> <span class='ocrx_word' id='word_1_354' title='bbox 1770 4317 2171 4397; x_wconf 67' lang='lat' dir='ltr'><strong>Lee’tiones</strong></span> <span class='ocrx_word' id='word_1_355' title='bbox 2222 4318 2409 4420; x_wconf 85' lang='lat' dir='ltr'><strong>ipsas</strong></span> <span class='ocrx_word' id='word_1_356' title='bbox 2482 4341 2578 4395; x_wconf 82' lang='lat' dir='ltr'><strong>ex</strong></span> <span class='ocrx_word' id='word_1_357' title='bbox 2628 4314 2899 4393; x_wconf 87' lang='lat' dir='ltr'><strong>iisdem</strong></span> <span class='ocrx_word' id='word_1_358' title='bbox 2950 4310 3090 4388; x_wconf 87' lang='lat' dir='ltr'><strong>fer·-</strong></span> 
     </span>
    </p>
   </div>
   <div class='ocr_carea' id='block_1_7' title="bbox 372 4411 3090 4597">
    <p class='ocr_par' dir='ltr' id='par_1_7' title="bbox 372 4411 3090 4597">
     <span class='ocr_line' id='line_1_40' title="bbox 372 4411 3090 4539; baseline -0.001 -47"><span class='ocrx_word' id='word_1_359' title='bbox 372 4436 499 4494; x_wconf 87' lang='lat' dir='ltr'><strong>me</strong></span> <span class='ocrx_word' id='word_1_360' title='bbox 556 4414 806 4513; x_wconf 84' lang='lat' dir='ltr'><strong>verbis</strong></span> <span class='ocrx_word' id='word_1_361' title='bbox 857 4417 1353 4501; x_wconf 88' lang='lat' dir='ltr'><strong>concinnavit</strong></span> <span class='ocrx_word' id='word_1_362' title='bbox 1392 4475 1421 4521; x_wconf 89' lang='lat'>,</span> <span class='ocrx_word' id='word_1_363' title='bbox 1491 4419 1769 4522; x_wconf 88' lang='lat' dir='ltr'><strong>quibus</strong></span> <span class='ocrx_word' id='word_1_364' title='bbox 1820 4419 2310 4539; x_wconf 79' lang='lat' dir='ltr'><strong>Sycophanta</strong></span> <span class='ocrx_word' id='word_1_365' title='bbox 2380 4420 2465 4505; x_wconf 83' lang='lat' dir='ltr'><strong>in</strong></span> <span class='ocrx_word' id='word_1_366' title='bbox 2517 4412 2892 4519; x_wconf 86' lang='lat' dir='ltr'><strong>principio</strong></span> <span class='ocrx_word' id='word_1_367' title='bbox 2946 4411 3090 4489; x_wconf 77' lang='lat' dir='ltr'><strong>suae</strong></span> 
     </span>
     <span class='ocr_line' id='line_1_41' title="bbox 644 4537 3000 4597; baseline -0.003 6"><span class='ocrx_word' id='word_1_368' title='bbox 644 4572 653 4577; x_wconf 89' lang='lat'>-</span> <span class='ocrx_word' id='word_1_369' title='bbox 1386 4562 1397 4574; x_wconf 39' lang='grc' dir='ltr'><em>τ</em></span> <span class='ocrx_word' id='word_1_370' title='bbox 2794 4537 3000 4597; x_wconf 87' lang='lat' dir='ltr'><strong>enar-</strong></span> 
     </span>
    </p>
   </div>
  </div>
 </body>
</html>
