3934 5359
1693 300 1718 335 q

902 450 978 534 S.
1045 451 1521 563 Joamxus
1585 452 2552 539 ELassmosmAatr.

2779 479 2934 536 201

481 617 642 660 orum
671 596 1014 658 Persicinum
1058 599 1356 658 Reaorem
1386 597 1687 657 parochia·
1787 619 1896 675 que
1940 598 2175 674 persona
2204 642 2223 672 ,
2262 600 2351 658 seu
2394 620 2494 672 per
2537 596 2781 659 liberam
2806 574 3075 678 'resigna-

423 681 468 735 ’ς
509 675 763 735 Ecclesiae
804 681 856 732 S.
899 676 1083 734 Lucia:
1124 675 1194 732 de
1234 680 1401 733 Prata
1431 677 1686 732 Concor-

389 750 899 823 diensisDiocefis,
939 756 1038 827 qui
1083 751 1280 813 Praesb.
1322 750 1436 821 est,
1475 752 1526 807 ἃ
1565 758 1597 821 (
1624 765 1688 808 ut

387 829 647 905 asserit)
688 827 899 886 tii-stam
942 825 1252 885 Ecclesiam
1293 831 1346 884 S.
1389 829 1569 884 Luciae
1601 829 1686 886 in-

385 919 481 965 ter
521 901 639 961 alia
679 903 942 973 obtinet,
985 904 1236 978 &2quem
1257 902 1494 961 dileRus
1535 903 1687 961 filius

385 979 622 1040 Nobilis
665 980 754 1036 vir
793 979 1526 1053 LeonardusqLauredanus
1557 984 1686 1036 Dux

301 1120 308 1125 ,
389 1055 764 1115 Venetiarum
825 1074 987 1111 verus
1043 1055 1096 1111 Sc
1153 1058 1352 1112 unicus
1411 1055 1688 1113 Plebaniae

389 1137 673 1193 Patronus
715 1130 953 1188 existens
997 1133 1053 1187 in
1102 1131 1346 1204 pacifica
1403 1130 1688 1203 posseffio·

387 1228 497 1280 ne,
539 1202 631 1264 vel
671 1204 825 1281 quali
868 1209 1011 1276 Juris
1036 1212 1375 1263 patronatus
1405 1202 1692 1289 hujusmo-

390 1284 503 1356 di,
559 1282 611 1339 ἃ
654 1281 1029 1355 praesentandi
1074 1282 1367 1356 personam
1424 1283 1690 1343 idoneam

388 1358 464 1420 ad
508 1358 683 1433 ipsam
730 1358 1054 1416 Plebaniam
1097 1359 1233 1417 dum
1276 1378 1381 1431 pro
1429 1376 1690 1433 tempore

390 1451 569 1495 vacat
605 1477 623 1503 ‚
663 1430 870 1491 dilecto
927 1434 1051 1492 filio
1105 1434 1383 1492 moderno
1425 1436 1691 1492 Primiee-

390 1512 483 1571 rio
524 1510 681 1567 diaae
735 1508 994 1568 Ecclestae
1049 1515 1102 1567 S.
1146 1512 1383 1582 Marci,
1439 1508 1532 1568 vel
1572 1510 1693 1585 ejus

392 1588 455 1645 in
511 1584 904 1661 spiritualibus
944 1586 1175 1645 Vicario
1226 1585 1482 1663 generali
1535 1588 1690 1645 infra

391 1661 620 1738 tempus
678 1659 1002 1733 legitimum
1057 1661 1464 1737 praesentavit,
1536 1662 1688 1735 apud

394 1759 501 1813 nos
542 1739 610 1796 de
654 1740 784 1794 vitae
825 1738 878 1792 ἃ
921 1756 1148 1796 morum
1188 1738 1481 1797 honestate
1523 1739 1686 1797 aliis-

392 1834 508 1890 que
551 1811 893 1887 probitatis,
935 1814 985 1871 &
1009 1815 1288 1871 virtutum
1308 1816 1529 1871 meritis
1546 1815 1692 1872 mul-

392 1890 688 1965 tipliciter
715 1890 1181 1947 commendatum
1223 1890 1428 1948 horum
1472 1892 1693 1950 intuitu

389 1963 655 2045 gratioso
687 1964 898 2022 favore
940 1967 1197 2040 prosequi
1243 1964 1535 2037 volentes,
1574 1969 1625 2024 ἃ
1657 1986 1693 2026 a

439 2040 690 2099 uibusvis
745 2042 1358 2098 excommunicationis
1390 2085 1408 2114 ,
1468 2042 1695 2117 suspen-

421 2118 572 2175 tonis
600 2158 620 2187 ,
659 2116 710 2173 ἃ
753 2115 1043 2173 interdicti
1072 2159 1090 2188 ,
1148 2118 1391 2193 aliisque
1431 2117 1696 2177 ecciesia-

396 2192 552 2251 sticis
590 2190 888 2250 sententiis
931 2191 1178 2249 censuris
1219 2195 1270 2250 ἃ
1315 2196 1502 2269 poenis
1545 2213 1579 2252 a
1613 2194 1697 2269 ju·

395 2287 510 2340 re,
549 2265 640 2326 vel
687 2267 758 2324 ab
814 2268 1043 2327 homine
1086 2272 1287 2344 quavis
1344 2270 1641 2329 occasione
1677 2313 1696 2343 ,

395 2342 489 2409 vel
536 2342 699 2401 causa
742 2342 875 2405 latis
918 2344 955 2400 fi
1001 2348 1206 2418 quibus
1248 2345 1692 2421 quomodolibet

393 2418 708 2479 innodatus
750 2420 938 2475 existit
958 2420 1029 2477 ad
1046 2415 1305 2479 effestum
1339 2421 1693 2494 praesentium
1729 2424 1738 2427 ’

393 2493 700 2557 dumtaxat
754 2494 1206 2571 consequendum
1279 2499 1483 2555 harum
1553 2499 1694 2555 serie

390 2569 791 2643 absolventes,
831 2571 885 2627 ἃ
927 2570 1251 2631 absolutum
1296 2575 1421 2630 sore
1462 2574 1693 2632 censen-

389 2662 528 2705 tes.
581 2650 702 2703 Nec
745 2665 858 2702 non
902 2651 1101 2711 omnia
1136 2690 1154 2719 ,
1209 2649 1262 2704 8<
1317 2647 1537 2725 singula
1578 2650 1697 2708 alia

392 2720 675 2783 beneficia
733 2720 1110 2780 ecclesiastica
1170 2723 1512 2796 finecura,
1570 2745 1693 2801 quae

388 2796 571 2856 difflus
626 2798 1066 2871 christophorus
1120 2798 1393 2869 obtinet,
1449 2800 1502 2855 δε
1561 2819 1692 2858 cum

392 2892 532 2949 cura
569 2917 587 2945 ‚
640 2875 691 2931 ἀ
734 2872 851 2930 fine
894 2892 1032 2930 cura
1074 2894 1195 2949 quae
1250 2874 1546 2948 expee'tat,
1586 2896 1692 2935 nec

392 2970 510 3009 non
559 2953 612 3005 in
660 2949 899 3025 quibuS,
944 2950 994 3004 8:
1039 2952 1111 3007 ad
1151 2969 1271 3025 quae
1305 2951 1400 3023 ‘jus
1433 2950 1692 3028 sibiquo·

393 3026 712 3087 modolibet
745 3026 1062 3097 competit,
1102 3046 1486 3102 quaecunque,
1522 3048 1692 3105 quot·
1731 3060 1738 3065 ·

389 3119 648 3177 cunque,
691 3104 742 3159 ἃ
785 3101 1210 3178 qualiacunque
1253 3102 1362 3161 sint
1396 3147 1413 3175 ,
1471 3125 1691 3165 eorum-

387 3196 501 3252 que
545 3178 704 3234 dielae
751 3177 1006 3237 Ecciefiae
1047 3184 1099 3235 S.
1145 3178 1325 3239 Luciae
1366 3177 1687 3255 frustuum,

385 3251 750 3326 reddituum,
793 3248 1241 3328 &proventuum
1264 3276 1425 3316 veros
1468 3279 1688 3317 annuos

387 3325 620 3386 valor-es
675 3330 1045 3401 praesentibus<
1090 3352 1195 3405 pro
1253 3334 1520 3409 expreffis
1589 3337 1690 3392 lia·

391 3402 597 3461 bentes
654 3404 983 3463 discretioni
1043 3422 1153 3465 tuae
1212 3429 1311 3482 per
1378 3410 1692 3483 apostolica

388 3478 608 3552 scripta
649 3479 1021 3553 mandamus,
1059 3502 1342 3558 quatenus
1383 3483 1420 3543 fi
1469 3506 1567 3560 per
1609 3486 1694 3542 di-

393 3554 677 3632 ligentem
724 3559 1211 3617 examinationem
1257 3562 1498 3620 eundem
1528 3561 1695 3620 Chri-

395 3629 728 3704 :stophorum
773 3630 842 3689 ad
862 3632 966 3688 hoc
997 3633 1264 3705 idoneum
1293 3641 1399 3696 esse
1421 3639 1697 3715 repereris

394 3705 561 3779 super
616 3728 734 3783 quo
789 3707 1198 3768 conscientiam
1276 3730 1434 3771 tuam
1491 3734 1696 3773 onera-

393 3802 522 3841 mus
556 3827 573 3854 ,
642 3783 972 3842 Plebaniam
1033 3788 1352 3858 praediflam
1410 3781 1504 3847 cu'i
1558 3810 1697 3848 cura

379 3860 885 3919 ‚parochianorum
934 3860 1099 3934 ipsius
1146 3863 1403 3923 Ecclefiae
1442 3871 1494 3922 S.
1524 3872 1696 3937 Joan-

392 3936 518 4008 τοίς,
561 3956 680 4011 quae
714 3940 890 3995 etiam
915 3940 1264 4001 Parochialis
1305 3942 1529 4017 existit,
1563 3944 1697 4023 imi-

393 4027 498 4069 net
541 4014 896 4082 animarum,
940 4034 1006 4073 ac
1048 4017 1205 4091 cujus
1248 4019 1460 4076 frustus
1493 4062 1509 4091 ,
1543 4019 1696 4083 wd-

395 4084 580 4173 diftus
616 4131 632 4158 ,
690 4090 739 4144 δε
803 4108 1109 4164 proventus
1165 4111 1399 4153 centum
1456 4095 1694 4153 ducatos

394 4180 524 4221 auri
566 4162 636 4218 de
694 4182 919 4223 camera
974 4167 1276 4226 secundum
1333 4190 1694 4229 communem

393 4239 833 4313 extimationem
881 4242 1133 4301 valorem
1169 4264 1432 4315 annuum
1470 4247 1580 4313 (ut
1604 4246 1693 4303 di·
1725 4300 1738 4331 Ι

398 4315 522 4373 Cius
565 4313 1005 4390 christophorus
1056 4321 1306 4398 asserit)
1364 4340 1477 4377 non
1535 4338 1700 4379 exce-³

395 4390 544 4450 dunt
575 4435 592 4457 ,
651 4391 769 4450 five
813 4408 876 4449 ut
922 4399 1294 4467 praemittitur
1324 4439 1341 4468 ,
1397 4395 1511 4454 sive
1552 4395 1694 4455 alias

397 4471 609 4605 ‘1²¹⁰‘ss
631 4468 978 4605 modciiIaut
1020 4490 1088 4531 ex
1119 4472 1356 4536 alterius
1398 4471 1695 4547 cujuscun-

599 4566 726 4607 ωηο
862 4587 877 4606 .
1243 4562 1260 4568 '

1790 678 2010 734 tionem
2050 677 2185 735 disti
2230 676 2476 748 Aloyfii,
2520 674 2609 733 vel
2653 676 2899 747 cujus-vis
2934 679 3082 735 alte-

1792 752 1911 808 rius
1949 754 2018 809 de
2063 751 2165 811 illa
2208 754 2267 809 in
2308 752 2459 811 dista
2499 754 2661 809 curia
2692 794 2710 823 ,
2767 752 2858 809 vel
2916 768 3085 811 extra.

1790 846 1916 885 eam
1960 828 2136 885 etiam
2179 846 2373 885 coram
2419 830 2650 885 notario
2692 827 2927 903 publico
2955 868 2973 900 ,
3028 828 3086 884 δε

1791 904 2023 961 testibus
2061 903 2259 976 sponte
2301 904 2508 975 saetam
2562 920 2663 961 aut
2720 903 3085 960 constitutio-

1793 999 1921 1037 nem
1978 978 2174 1038 saelicis
2241 978 2656 1037 recordationis
2710 982 2942 1051 Joannis
2986 983 3090 1036 Pa·

1793 1075 1874 1130 pae
1903 1062 2081 1114 XXII.
2122 1054 2519 1131 predecessoris
2562 1055 2735 1113 nostri
2776 1074 2898 1130 quae
2940 1054 3086 1112 inci·

1796 1133 1881 1205 pit
1911 1132 2301 1201 Execrabilis,
2345 1129 2435 1188 vel
2493 1133 2899 1189 assecutionem
2940 1130 3086 1188 alte-

1794 1209 1910 1263 rius
1951 1207 2214 1265 beneficii
2256 1206 2630 1265 Ecclefiast-ici
2716 1208 2877 1264 uavis
2919 1222 3089 1264 auto-

1793 1285 1972 1340 ritate
1989 1282 2189 1340 collati
2212 1297 2413 1355 vacet,
2454 1285 2631 1341 etiam
2696 1303 2715 1340 1
2760 1297 2928 1340 tanto
2945 1299 3089 1340 tem-

1793 1378 1931 1434 pore
1973 1361 2305 1429 vacaverit,
2345 1358 2496 1434 quod
2538 1360 2657 1431 ejus
2686 1356 2928 1415 collatio
2967 1358 3089 1432 jux-

1791 1452 1858 1492 ta
1898 1433 2290 1493 Lateranensis
2333 1435 2549 1492 statuta
2589 1432 2837 1492 Concilii
2880 1433 2954 1492 ad
2995 1438 3088 1492 Se-

1790 1509 2286 1583 dempraediaam
2320 1511 2580 1585 legitime
2596 1510 2905 1583 devoluta,
2947 1509 3089 1584 ipsa·
3128 1566 3131 1575 ,

1791 1607 1900 1661 que
1931 1586 2201 1645 Plebania
2228 1586 2579 1660 dispositioni
2621 1584 2943 1661 apostolica:
2974 1585 3093 1661 spe-

1792 1663 2021 1723 cialiter
2076 1663 2364 1719 reservata
2417 1661 2617 1720 existat
2648 1705 2668 1733 ,
2723 1662 2775 1719 &
2816 1662 2979 1738 super
3020 1680 3091 1723 en.

1796 1741 1950 1796 inter
1990 1737 2210 1814 aliquos
2253 1736 2323 1794 lis
2365 1736 2523 1809 cujus
2565 1739 2773 1796 statum
2803 1736 3089 1811 praesenti-

1793 1814 1898 1875 bus
1940 1814 2137 1872 haberi
2183 1813 2446 1870 volumus
2502 1833 2609 1886 pro
2651 1814 2906 1886 expresso
2952 1834 3089 1887 pene

1794 1890 1930 1948 deat
1971 1888 2253 1959 indecisa,
2293 1888 2603 1946 dummodo
2635 1904 2896 1963 tempore
2923 1888 3092 1946 data-

1797 1986 1926 2027 rum
1983 1966 2339 2039 praesentium
2399 1983 2510 2021 non
2569 1962 2638 2022 sit
2694 1967 2751 2021 in
2809 1983 2875 2022 ea
2916 1962 3093 2022 alicui

1800 2041 1886 2127 jus
1945 2041 2268 2118 specialiter
2308 2040 2601 2115 quaefimm
2658 2058 2786 2097 cum
2828 2038 3093 2097 omnibus

1799 2117 2047 2191 juribus,
2089 2118 2142 2173 δι
2186 2118 2549 2191 pertinentiis
2591 2115 2699 2173 suis
2728 2115 3096 2193 eidemChri-

1800 2194 2073 2268 stophoro
2115 2194 2438 2252 autoritate
2469 2191 2658 2249 nostra
2699 2190 2995 2260 conferas,
3037 2191 3093 2247 δε

1800 2270 2038 2348 assignes
2067 2313 2086 2342 ,
2128 2269 2401 2327 inducens
2446 2288 2545 2341 pet·
2585 2285 2643 2325 te
2670 2309 2691 2339 ,
2733 2265 2825 2325 vel
2866 2265 3046 2325 alium
3073 2309 3094 2339 ,

1797 2346 1890 2405 seu
1932 2346 2081 2405 alios
2124 2344 2384 2405 eumdem
2426 2343 2897 2417 christophorum
2943 2362 3095 2399 rece-

1798 2439 1901 2496 pto
1944 2422 2098 2493 prius
2140 2421 2214 2479 ab
2254 2441 2326 2478 eo
2368 2420 2560 2477 nostro
2602 2419 2655 2476 8(
2698 2424 2964 2477 Romanae
2985 2424 3089 2476 Ec·

1795 2496 1976 2554 clefiae
2030 2499 2259 2554 nomine
2316 2494 2618 2553 fidelitatis
2673 2494 2875 2551 debita:
2933 2496 3094 2566 juxta

1799 2574 2047 2631 sormam
2090 2591 2260 2647 quam
2303 2570 2401 2627 sub
2458 2569 2617 2626 bulla
2672 2567 2861 2627 nostra
2902 2571 3088 2627 mitti·-

1800 2669 1922 2706 mus
1963 2648 2334 2705 introclusam
2377 2644 2550 2703 solito
2592 2644 2951 2717 juramento,
2998 2642 3090 2701 vel

1799 2741 2232 2799 procuratorem
2274 2723 2429 2779 suum
2462 2720 2578 2792 ejus
2609 2722 2839 2776 nomine
2871 2724 2928 2776 in
2956 2740 3090 2777 cot-

1795 2800 2052 2876 poralem
2100 2797 2487 2872 possessionem
2530 2795 2807 2853 Flebaniae
2850 2792 3087 2867 jurium-

1793 2878 1992 2953 que‘&
2040 2875 2521 2949 pertinentiarum
2567 2869 2995 2945 praedit‘lorum,
3035 2869 3091 2927 Se

1793 2952 2104 3010 defendens
2138 2950 2460 3022 indusium,
2502 2964 2703 3007 amoto
2733 2947 2935 3009 exinde
2950 2965 3095 3022 quo-,

1794 3029 1936 3087 libet
1972 3029 2185 3085 illicito
2212 3028 2512 3085 detentore
2534 3068 2552 3097 ,
2592 3044 2661 3082 ac
2693 3025 2907 3083 siciens
2923 3022 3091 3081 Chri·

1790 3105 2121 3179 stophorum
2154 3147 2170 3176 ,
2226 3103 2313 3159 vel
2377 3122 2481 3177 pto
2532 3121 2601 3157 eo
2660 3117 3095 3175 procuratorem

1798 3182 2122 3257 praedistum
2154 3178 2227 3238 ad
2246 3176 2571 3239 Flebaniam
2603 3175 2922 3249 hujusmodi
2967 3178 2995 3247 (
3027 3188 3093 3233 ut

1797 3258 2101 3323 estmoris)
2144 3258 2413 3325 admitti,
2455 3253 2668 3325 sibique
2685 3254 2752 3308 de
2785 3253 2938 3308 illius
2972 3250 3093 3308 sru-

1798 3335 1977 3390 &ibus
2008 3377 2026 3403 ,
2082 3332 2394 3389 redditibus
2426 3371 2442 3397 ,
2497 3328 2906 3402 proventibus,
2952 3327 3088 3397 juri-

1796 3408 1931 3477 bus,
1975 3409 2025 3463 &
2057 3404 2503 3462 obventionibus
2544 3403 2820 3458 universis
2866 3405 3087 3476 integre

1795 3481 2119 3556 responderi
2140 3520 2153 3535 .
2197 3478 2663 3537 Contradistores
2683 3499 2780 3551 per
2798 3476 3091 3533 censuram

1798 3555 2238 3618 ecclesiasticam
2308 3552 2701 3628 appellatione
2790 3550 3098 3626 postposita

1799 3632 2209 3707 compescendo
2238 3650 2350 3701 non
2381 3627 2734 3711 obstantibus
2767 3630 2867 3703 piae
2886 3647 3095 3684 memo-

1800 3714 1896 3771 ria:
1924 3709 2205 3769 Bonifacii
2241 3705 2766 3781 PapaeV111.etiam
2802 3701 3096 3779 praedeces-

1798 3788 1936 3846 soris
1981 3786 2192 3856 nostri,
2233 3786 2283 3840 δι
2327 3782 2456 3840 aliis
2496 3779 2820 3855 apostolicis
2861 3780 3095 3837 costitu-

1801 3864 2059 3921 tionibus
2089 3906 2107 3935 ,
2165 3879 2230 3919 ac
2271 3859 2430 3917 diaae
2469 3855 2729 3915 Ecclesiae
2772 3861 2822 3913 S.
2864 3857 3095 3928 Joannis

1797 3941 2027 3999 statutis
2088 3939 2146 3995 ἃ
2199 3933 2697 3995 consuetudinibus
2770 3933 3095 4008 juramento

1797 4016 2241 4074 confirmatione
2269 4010 2587 4088 apostolica
2606 4054 2624 4084 ,
2668 4008 2755 4066 vel
2777 4013 2975 4084 quavis
2994 4008 3092 4067 fir-

1795 4094 2007 4152 mitate
2050 4091 2169 4150 alia
2210 4090 2498 4148 roboratis
2529 4085 3085 4161 contrariisquibus-

1796 4188 2056 4245 cunque.
2098 4174 2212 4229 Aut
2252 4166 2291 4225 si
2334 4165 2512 4240 aliqui
2556 4163 2718 4237 super
2763 4159 3097 4235 provisioni-

1797 4244 1899 4304 bus
1941 4245 2047 4304 fibi
2085 4242 2362 4302 faciendis
2404 4242 2454 4297 8:
2496 4239 2877 4315 dignitatibus
2920 4234 3088 4308 ipsius
3122 4304 3129 4311 ·

1795 4319 2055 4379 Ecclesiae
2093 4325 2145 4377 S.
2187 4319 2418 4390 joannis
2450 4314 2801 4388 specialiter,
2853 4308 3089 4367 velaliis

1797 4395 2092 4455 beneficiis
2120 4391 2523 4450 Ecclefiasticis
2564 4392 2619 4447 in
2665 4388 2782 4446 illis
2828 4385 3084 4459 partibus

1795 4469 2095 4551 generales
2135 4469 2294 4529 dietae
2346 4462 2695 4597 Sedisecvell
2737 4468 3084 4612 Legaztjagpm
