3934 5359
1003 413 1486 497 *Sarma-ff:
1553 408 1942 494 Mirm
2010 412 2570 496 Fonuosnt.
2839 436 2996 521 293

417 562 634 643 'tibus
681 560 1230 659 exterioribus,
1277 588 1466 663 quas
1513 560 1686 641 addi
1733 560 1891 641 loci
1943 559 2292 663 angustiae
2331 617 2358 658 ,
2408 562 2483 639 8<
2534 561 2881 660 ingentes
2933 562 3128 640 surn-

428 686 597 762 ptus
648 661 972 741 faciendi
1027 689 1186 742 non
1239 662 1774 765 permiserunt.

417 820 428 829 .
526 763 923 843 Credibile
976 762 1078 841 est
1137 767 1262 843 vel
1316 764 1758 843 incendium
1827 764 2175 842 cremasse
2212 818 2238 858 ,
2291 760 2417 841 vel
2471 760 2841 862 parietum
2895 764 3125 864 lapso-

422 886 597 941 rum
649 865 918 943 rudera
967 864 1289 943 obruisse
1341 866 1574 945 sacras
1627 862 1981 965 reliquias
2012 920 2038 960 ,
2080 863 2425 964 Corpora
2476 862 2760 942 scilicet
2814 865 2938 943 88.
2987 863 3123 942 Ni-

424 963 772 1060 codemi,
822 965 897 1043 8<
950 965 1388 1061 Saturnini,
1439 962 1666 1069 atque,
1714 965 1973 1066 Caput
2024 966 2095 1043 8.
2139 961 2472 1043 Romani
2516 963 2934 1070 Monachi.
2989 962 3127 1041 Hi-

421 1062 538 1139 sce
613 1063 975 1144 thesauris
1037 1066 1448 1149 Ecclesiam
1503 1067 1872 1145 ditaverat
1928 1068 2193 1145 Petrus
2248 1065 2642 1144 Tribunus
2715 1061 3129 1165 Episcopus

416 1163 878 1243 olivolensis
931 1166 1131 1247 Petri
1190 1166 1522 1246 Tribuni
1576 1166 1820 1247 Ducis
1851 1167 2123 1264 filius,
2173 1167 2307 1267 qui
2351 1166 2708 1267 pietatem
2750 1164 3129 1265 majorum

415 1262 723 1345 suorum
778 1265 860 1343 in
911 1266 1242 1345 Ecclesia
1314 1265 1764 1347 restituenda
1818 1269 2213 1347 aemulatus
2289 1266 2422 1347 tali
2474 1290 2790 1346 munere
2860 1291 3123 1345 cumu-

412 1362 604 1442 lavit
633 1422 651 1440 .
697 1367 1215 1448 Donationem
1273 1368 1467 1448 banc
1519 1370 1615 1446 ab
1651 1365 2025 1469 Episcopo
2077 1365 2346 1448 fa6iam
2393 1386 2764 1448 memorat
2807 1367 3117 1445 Dandu-

410 1461 530 1543 lus
582 1464 713 1543 lib.
760 1488 938 1546 v111.
992 1494 1146 1569 cap.
1173 1491 1277 1547 xi.
1335 1489 1516 1569 part.
1540 1490 1719 1546 v111.
1763 1469 1900 1548 sub
1945 1472 2165 1549 Petro
2208 1469 2658 1563 Gaudiano,
2707 1491 2933 1567 quern
2992 1466 3120 1547 sci-

401 1587 583 1647 mus
636 1568 1169 1651 renunciatum
1219 1568 1426 1648 fuiffe
1483 1571 1784 1648 Ducem
1838 1594 2036 1649 anno
2083 1598 2245 1671 932.
2300 1573 2353 1614 ‘⁶
2395 1570 2547 1649 Hic
2602 1568 2913 1669 (Petrus
2940 1568 3115 1646 Tri-

414 1718 472 1760 „
524 1668 771 1747 bunus
825 1669 1285 1770 Episcopus)
1323 1695 1652 1770 corpora
1693 1671 1815 1748 88.
1839 1670 2279 1765 Saturnini,
2326 1670 2402 1750 8c
2456 1667 2867 1749 Nicodemi
2923 1670 3123 1751 Pres-

408 1817 466 1859 ,‚
519 1769 770 1866 byteri
823 1794 1001 1847 cum
1053 1770 1298 1870 capite
1350 1772 1421 1850 S.
1465 1771 1794 1853 Romani
1838 1770 2159 1851 Monaci
2214 1769 2571 1849 Venetias
2626 1793 2828 1847 nunc
2882 1787 3115 1848 trans-

397 1917 468 1961 .»
520 1867 674 1947 lata
728 1867 810 1947 in
862 1870 1191 1950 Ecclesia
1245 1874 1314 1951 8.
1357 1870 1630 1951 Mariae
1681 1873 2101 1969 Formosae,
2150 1897 2379 1974 quam
2430 1871 2544 1949 sui
2593 1868 3119 1970 progenitores

406 2016 461 2062 „
512 1967 1104 2068 fabricaverant,
1155 1972 1626 2051 devotissime
1678 1966 2117 2053 collocavit.

509 2069 637 2147 Ex
679 2071 1046 2153 Dandulo
1093 2072 1347 2176 itaque
1396 2073 2201 2175 corrigendiveniunt
2245 2074 2624 2176 Ughellus
2675 2072 2757 2151 in
2807 2072 3119 2154 Patriar-

258 2244 265 2251 .
413 2167 581 2249 chis
641 2172 1133 2252 Venetiarum
1191 2178 1422 2255 Tom.
1468 2200 1544 2254 v.
1594 2177 1741 2255 col.
1796 2205 2008 2276 1199.
2062 2178 2136 2256 8(
2187 2175 2644 2256 Sansovinus
2697 2173 2787 2251 ad
2842 2176 2911 2255 S.
2950 2174 3117 2252 Ma·
3224 2175 3237 2181 “

412 2268 546 2349 riae
601 2273 976 2352 Formosae
1028 2276 1488 2371 Ecclesiam,
1537 2302 1861 2377 quorum
1919 2279 2207 2378 primus
2259 2277 2478 2356 initia
2530 2276 2842 2374 suscepti
2895 2303 2939 2355 a
2985 2277 3113 2352 Pe·

412 2387 534 2448 tro
560 2371 1048 2474 Episcopatus
1096 2361 1392 2476 reponit
1414 2377 1508 2455 ad
1545 2401 1835 2457 annum
1864 2407 2030 2475 971.
2056 2380 2246 2457 alter
2274 2401 2455 2455 vero
2494 2378 2584 2454 ad
2627 2398 2912 2456 annum
2943 2402 3108 2477 992·
3250 2474 3259 2481 s

391 2514 406 2535 ι
511 2473 656 2552 Per
705 2495 1029 2573 quatuor
1078 2475 1154 2555 δε
1192 2474 1404 2573 ‚ultra
1455 2476 1719 2557 saecula
1768 2502 1813 2554 a
1865 2477 1977 2555 sui
2020 2475 2592 2557 reaedificatione
2630 2477 2931 2555 duravit
2968 2477 3112 2554 Eo·

401 2571 682 2670 clefia,
732 2576 971 2657 donec
1024 2602 1230 2657 anno
1279 2584 1488 2677 1689.
1543 2601 1637 2655 ex
1695 2577 1947 2659 valido
2023 2599 2235 2657 terrae
2285 2597 2539 2656 motus
2593 2575 2880 2676 impetu
2933 2601 3111 2655 con·

403 2677 605 2753 cussa
679 2700 952 2776 magna
1003 2698 1096 2757 ex
1151 2700 1354 2779 parte
1408 2679 1758 2771 corruit,
1809 2678 2021 2776 cujus
2076 2678 2312 2757 ruinae
2364 2679 2638 2754 damna
2709 2676 3106 2755 miseratus

409 2773 794 2856 Turrinus
840 2779 1244 2859 Tononius
1296 2804 1506 2880 aeque
1549 2779 1715 2881 pius
1756 2833 1784 2875 ,
1833 2805 1934 2859 ac·
1963 2779 2174 2860 dives
2217 2798 2591 2860 mercator
2634 2774 2927 2879 magnis
2955 2776 3117 2853 im-

405 2875 654 2975 pensis
705 2878 1170 2962 ornatiorem
1223 2880 1590 2963 restituit.
2520 2880 2527 2892 ’
2618 2947 2641 2963 „
2948 2896 2981 2939 ’ἢ
3048 2918 3057 2927 ·

497 2976 689 3058 Duo
742 3005 837 3058 ex
891 2980 1150 3063 Istrico
1202 3009 1580 3064 marmore
1632 2985 2017 3085 assurgunt
2069 2982 2481 3064 exteriores
2516 2976 2865 3061 Ecclesia:
2907 3000 2993 3079 pr

261 3082 267 3088 ’
399 3078 659 3175 peetus
712 3106 806 3161 ex
861 3084 1200 3164 Familiae
1250 3086 1593 3185 Capella
1646 3085 1928 3186 pietate
1968 3135 1991 3164 a
2064 3084 2520 3165 Vincentius
2572 3082 2897 3182 Capello
2951 3079 3107 3159 lau-

398 3177 810 3264 datiffimus
864 3186 1176 3273 Venetae
1225 3186 1462 3266 classis
1516 3188 1749 3284 Dux,
1800 3185 2370 3291 &DiviMarci
2412 3187 2860 3263 Procurator
2911 3180 3111 3283 pros-

393 3277 703 3454 fesslsum
746 3285 837 3364 ad
882 3285 1024 3366 rivi
1067 3309 1307 3389 partes
1351 3287 1720 3388 positum,
1772 3288 1854 3368 in
1877 3312 2031 3389 quo
2066 3287 2225 3385 ejts
2267 3284 2615 3386 pedestris
2657 3280 2891 3361 statua
2933 3308 3116 3396 con·

425 3388 758 3497 pientur,
805 3387 1053 3485 extrui
1098 3389 1529 3482 mandavit,
1579 3390 1907 3468 alterurn
1958 3412 2053 3467 ex
2108 3390 2555 3467 testamento
2608 3382 2891 3494 legavit
2917 3380 3108 3460 Vin-

399 3501 704 3564 centius
746 3485 1020 3571 itidetn
1055 3490 1380 3593 Capello
1437 3490 1775 3571 Vicentii
1829 3487 2333 3590 supralaudati
2384 3511 2618 3586 nepos
2661 3542 2681 3562 .
2736 3483 3105 3582 Adiacent

397 3582 653 3681 primo
690 3609 826 3701 ‘exp
854 3609 1170 3702 utroque
1229 3588 1458 3673 latere
1515 3593 1630 3673 hae
1681 3591 2165 3709 epigraphes.
3084 3628 3103 3647 ··

501 3740 558 3783 „
611 3687 1063 3768 Vincentius
1085 3692 1452 3791 Capellus
1494 3693 2069 3775 Maritimarum
2093 3694 2380 3770 Rerum
2407 3687 2943 3781 Peritiffimus,
2995 3680 3102 3763 Et

393 3836 450 3883 υ
502 3787 1056 3890 Antiquiorum
1095 3791 1478 3891 Laudibus
1524 3796 1680 3875 Part
1729 3795 2209 3873 Triremiur'n'
2251 3791 2792 3873 onerariarum
2840 3785 3109 3867 Praefe-

306 3952 310 3956 -
391 3934 460 3984 n
481 3889 667 3973 aas
705 3946 733 3987 ‚
785 3895 918 3973 Ab
963 3892 1309 3979 Henrico
1350 3894 1993 3977 VILBritanniae
2065 3899 2277 3996 Rege
2350 3893 2646 3993 Insigne
2702 3892 3105 3982 Donatus,

392 4038 450 4083 „
500 3992 772 4073 Classis
822 3994 1152 4096 Legatus
1193 4021 1263 4074 v.
1320 3998 1740 4096 Imperator
1813 3997 2066 4097 Desig.
2123 3999 2284 4074 Ter
2324 3995 2656 4075 Classem
2704 3988 3116 4070 Deduxit„

388 4136 448 4183 2,
499 4090 933 4195 Collapsam
993 4098 1372 4203 Navalem
1428 4096 1932 4200 Disciplinam
1988 4096 2347 4177 Restituit
2392 4155 2410 4172 .
2469 4097 2589 4174 Ad
2641 4091 3108 4206 Zacintbum
3170 4144 3187 4159 .

389 4239 446 4285 2,
495 4193 716 4273 Aulae
751 4196 1070 4277 Caesaris
1110 4200 1216 4279 Le
1271 4219 1402 4276 ato
1443 4199 1764 4279 Priscam
1787 4203 2167 4280 Venetam
2194 4199 2583 4276 Virtutem
2616 4194 2961 4273 Ostendit
2986 4247 3007 4266 .

488 4346 544 4391 „
599 4296 690 4372 In
738 4298 1153 4377 Ambracio
1283 4298 1414 4374 inu
1465 4299 1974 4378 Barbaruffam
2050 4299 2569 4377 Ottomanicae
2615 4293 2885 4374 Classis
2941 4288 3105 4367 Du-

387 4442 448 4486 „
495 4412 670 4487 cem
719 4396 1030 4481 Inclusa
1070 4453 1100 4497 ,
1175 4397 1535 4480 Postridie
1585 4400 1678 4479 ad
1733 4398 2349 4500 Internecionem
2402 4389 3106 4570 Delemmsf-affffi

2732 4546 2785 4589 Ἰ)
2967 4543 2984 4565 ⁸
