<?xml version="1.0" encoding="UTF-8"?>
<!DOCTYPE html PUBLIC "-//W3C//DTD XHTML 1.0 Transitional//EN"
    "http://www.w3.org/TR/xhtml1/DTD/xhtml1-transitional.dtd">
<html xmlns="http://www.w3.org/1999/xhtml" xml:lang="en" lang="en">
 <head>
  <title>
</title>
<meta http-equiv="Content-Type" content="text/html;charset=utf-8" />
  <meta name='ocr-system' content='tesseract 3.04.00' />
  <meta name='ocr-capabilities' content='ocr_page ocr_carea ocr_par ocr_line ocrx_word'/>
</head>
<body>
  <div class='ocr_page' id='page_1' title='image "./ecclesiaeveneta02corngoog_0035.png"; bbox 0 0 3934 5359; ppageno 0'>
   <div class='ocr_carea' id='block_1_1' title="bbox 1040 429 3003 544">
    <p class='ocr_par' dir='ltr' id='par_1_1' title="bbox 1040 429 3003 544">
     <span class='ocr_line' id='line_1_1' title="bbox 1040 429 3003 544; baseline -0.004 -23"><span class='ocrx_word' id='word_1_1' title='bbox 1040 435 1460 521; x_wconf 64' lang='lat' dir='ltr'>Saue-rt</span> <span class='ocrx_word' id='word_1_2' title='bbox 1523 431 2129 515; x_wconf 67' lang='lat' dir='ltr'>Suvsss‘rnr</span> <span class='ocrx_word' id='word_1_3' title='bbox 2192 429 2517 514; x_wconf 69' lang='grc' dir='ltr'><strong>ΡΑυιε.</strong></span> <span class='ocrx_word' id='word_1_4' title='bbox 2903 449 3003 544; x_wconf 73' lang='lat'>15</span> 
     </span>
    </p>
   </div>
   <div class='ocr_carea' id='block_1_2' title="bbox 358 568 3140 4607">
    <p class='ocr_par' dir='ltr' id='par_1_2' title="bbox 420 568 3112 785">
     <span class='ocr_line' id='line_1_2' title="bbox 420 568 3112 682; baseline 0.001 -12"><span class='ocrx_word' id='word_1_5' title='bbox 420 584 669 670; x_wconf 69' lang='lat' dir='ltr'>Sanffi</span> <span class='ocrx_word' id='word_1_6' title='bbox 712 581 1016 666; x_wconf 88' lang='lat' dir='ltr'>Nicolai</span> <span class='ocrx_word' id='word_1_7' title='bbox 1072 585 1443 662; x_wconf 86' lang='lat' dir='ltr'>Plebanus</span> <span class='ocrx_word' id='word_1_8' title='bbox 1478 636 1505 677; x_wconf 88' lang='lat'>‚</span> <span class='ocrx_word' id='word_1_9' title='bbox 1554 581 1629 659; x_wconf 76' lang='lat'>8&lt;</span> <span class='ocrx_word' id='word_1_10' title='bbox 1670 568 2532 682; x_wconf 77' lang='lat' dir='ltr'>Constantinopolitanae</span> <span class='ocrx_word' id='word_1_11' title='bbox 2575 586 2922 668; x_wconf 78' lang='lat' dir='ltr'>Ecclefiae</span> <span class='ocrx_word' id='word_1_12' title='bbox 2957 591 3112 676; x_wconf 83' lang='lat' dir='ltr'>Ca-</span> 
     </span>
     <span class='ocr_line' id='line_1_3' title="bbox 421 681 2448 785; baseline -0.005 -15"><span class='ocrx_word' id='word_1_13' title='bbox 421 688 742 770; x_wconf 86' lang='lat' dir='ltr'>nonicus</span> <span class='ocrx_word' id='word_1_14' title='bbox 794 686 939 765; x_wconf 86' lang='lat' dir='ltr'>rite</span> <span class='ocrx_word' id='word_1_15' title='bbox 989 684 1454 785; x_wconf 84' lang='lat' dir='ltr'>complevit,</span> <span class='ocrx_word' id='word_1_16' title='bbox 1507 681 1583 760; x_wconf 78' lang='lat'>8&lt;</span> <span class='ocrx_word' id='word_1_17' title='bbox 1635 681 2065 760; x_wconf 80' lang='lat' dir='ltr'>roboravit.</span> <span class='ocrx_word' id='word_1_18' title='bbox 2117 686 2296 784; x_wconf 84' lang='lat' dir='ltr'>(V)</span> <span class='ocrx_word' id='word_1_19' title='bbox 2443 777 2448 782; x_wconf 90' lang='lat'><strong>.</strong></span> 
     </span>
    </p>

    <p class='ocr_par' dir='ltr' id='par_1_3' title="bbox 416 781 3120 1299">
     <span class='ocr_line' id='line_1_4' title="bbox 526 781 3120 890; baseline 0.003 -22"><span class='ocrx_word' id='word_1_20' title='bbox 526 793 721 868; x_wconf 88' lang='lat' dir='ltr'>Rem</span> <span class='ocrx_word' id='word_1_21' title='bbox 774 808 1062 889; x_wconf 83' lang='lat' dir='ltr'>gratam</span> <span class='ocrx_word' id='word_1_22' title='bbox 1116 785 1413 864; x_wconf 86' lang='lat' dir='ltr'>erudito</span> <span class='ocrx_word' id='word_1_23' title='bbox 1465 782 1761 862; x_wconf 63' lang='lat' dir='ltr'>Lefiori</span> <span class='ocrx_word' id='word_1_24' title='bbox 1816 781 1971 861; x_wconf 88' lang='lat' dir='ltr'>fore</span> <span class='ocrx_word' id='word_1_25' title='bbox 2026 782 2365 882; x_wconf 66' lang='lat' dir='ltr'>sperans,</span> <span class='ocrx_word' id='word_1_26' title='bbox 2419 791 2732 870; x_wconf 87' lang='lat' dir='ltr'>nomina</span> <span class='ocrx_word' id='word_1_27' title='bbox 2778 792 3120 890; x_wconf 83' lang='lat' dir='ltr'>adjiciam</span> 
     </span>
     <span class='ocr_line' id='line_1_5' title="bbox 416 884 3119 1006; baseline 0.003 -36"><span class='ocrx_word' id='word_1_28' title='bbox 416 915 738 990; x_wconf 74' lang='lat' dir='ltr'>eorum,</span> <span class='ocrx_word' id='word_1_29' title='bbox 782 889 913 991; x_wconf 90' lang='lat' dir='ltr'>qui</span> <span class='ocrx_word' id='word_1_30' title='bbox 971 914 1104 1006; x_wconf 81' lang='lat' dir='ltr'>pro</span> <span class='ocrx_word' id='word_1_31' title='bbox 1158 887 1372 967; x_wconf 87' lang='lat' dir='ltr'>bonis</span> <span class='ocrx_word' id='word_1_32' title='bbox 1423 885 1779 964; x_wconf 81' lang='lat' dir='ltr'>Eccleliae</span> <span class='ocrx_word' id='word_1_33' title='bbox 1832 884 2228 997; x_wconf 81' lang='lat' dir='ltr'>Gradenfis</span> <span class='ocrx_word' id='word_1_34' title='bbox 2265 890 2457 989; x_wconf 89' lang='lat' dir='ltr'>apud</span> <span class='ocrx_word' id='word_1_35' title='bbox 2481 891 2958 993; x_wconf 79' lang='lat' dir='ltr'>Imperialem</span> <span class='ocrx_word' id='word_1_36' title='bbox 2982 897 3119 976; x_wconf 82' lang='lat' dir='ltr'>Ci—</span> 
     </span>
     <span class='ocr_line' id='line_1_6' title="bbox 417 985 3117 1091; baseline -0.003 -22"><span class='ocrx_word' id='word_1_37' title='bbox 417 993 737 1070; x_wconf 86' lang='lat' dir='ltr'>vitatem</span> <span class='ocrx_word' id='word_1_38' title='bbox 792 989 1045 1091; x_wconf 78' lang='lat' dir='ltr'>pofitts</span> <span class='ocrx_word' id='word_1_39' title='bbox 1087 1009 1379 1067; x_wconf 88' lang='lat' dir='ltr'>certum</span> <span class='ocrx_word' id='word_1_40' title='bbox 1403 985 1709 1065; x_wconf 88' lang='lat' dir='ltr'>censum</span> <span class='ocrx_word' id='word_1_41' title='bbox 1758 987 2305 1066; x_wconf 75' lang='lat' dir='ltr'>Patrtarehatui</span> <span class='ocrx_word' id='word_1_42' title='bbox 2350 990 2788 1076; x_wconf 72' lang='lat' dir='ltr'><strong>solvebant.</strong></span> <span class='ocrx_word' id='word_1_43' title='bbox 2841 996 2962 1073; x_wconf 83' lang='lat' dir='ltr'>Ex</span> <span class='ocrx_word' id='word_1_44' title='bbox 2991 1023 3117 1078; x_wconf 91' lang='lat' dir='ltr'>an-</span> 
     </span>
     <span class='ocr_line' id='line_1_7' title="bbox 424 1087 3119 1194; baseline -0.004 -22"><span class='ocrx_word' id='word_1_45' title='bbox 424 1091 836 1194; x_wconf 81' lang='lat' dir='ltr'>tiquissimo</span> <span class='ocrx_word' id='word_1_46' title='bbox 889 1091 1473 1170; x_wconf 86' lang='lat' dir='ltr'>membranaceo</span> <span class='ocrx_word' id='word_1_47' title='bbox 1524 1087 2037 1180; x_wconf 74' lang='lat' dir='ltr'>documento,</span> <span class='ocrx_word' id='word_1_48' title='bbox 2085 1089 2288 1187; x_wconf 90' lang='lat' dir='ltr'>quod</span> <span class='ocrx_word' id='word_1_49' title='bbox 2339 1090 2419 1168; x_wconf 76' lang='lat' dir='ltr'>in</span> <span class='ocrx_word' id='word_1_50' title='bbox 2474 1096 2824 1173; x_wconf 86' lang='lat' dir='ltr'>Archivo</span> <span class='ocrx_word' id='word_1_51' title='bbox 2876 1093 3119 1180; x_wconf 87' lang='lat' dir='ltr'>Vene.</span> 
     </span>
     <span class='ocr_line' id='line_1_8' title="bbox 423 1186 2815 1299; baseline 0 -27"><span class='ocrx_word' id='word_1_52' title='bbox 423 1214 505 1272; x_wconf 90' lang='lat' dir='ltr'>to</span> <span class='ocrx_word' id='word_1_53' title='bbox 548 1192 1022 1289; x_wconf 85' lang='lat' dir='ltr'>adservatur,</span> <span class='ocrx_word' id='word_1_54' title='bbox 1073 1215 1227 1269; x_wconf 86' lang='lat' dir='ltr'>non</span> <span class='ocrx_word' id='word_1_55' title='bbox 1282 1186 1651 1267; x_wconf 85' lang='lat' dir='ltr'>mediocri</span> <span class='ocrx_word' id='word_1_56' title='bbox 1704 1188 1957 1266; x_wconf 88' lang='lat' dir='ltr'>labore</span> <span class='ocrx_word' id='word_1_57' title='bbox 2014 1187 2327 1299; x_wconf 60' lang='lat' dir='ltr'>tleduffia</span> <span class='ocrx_word' id='word_1_58' title='bbox 2378 1192 2592 1273; x_wconf 72' lang='lat' dir='ltr'>sunt:</span> <span class='ocrx_word' id='word_1_59' title='bbox 2651 1195 2815 1296; x_wconf 90' lang='lat' dir='ltr'>(X)</span> 
     </span>
    </p>

    <p class='ocr_par' dir='ltr' id='par_1_4' title="bbox 427 1287 3125 1897">
     <span class='ocr_line' id='line_1_9' title="bbox 520 1287 3122 1390; baseline 0.002 -17"><span class='ocrx_word' id='word_1_60' title='bbox 520 1292 1017 1374; x_wconf 63' lang='lat' dir='ltr'>Benedictum</span> <span class='ocrx_word' id='word_1_61' title='bbox 1068 1290 1579 1370; x_wconf 88' lang='lat' dir='ltr'>Patriarcham</span> <span class='ocrx_word' id='word_1_62' title='bbox 1632 1313 1689 1368; x_wconf 85' lang='lat' dir='ltr'>e·</span> <span class='ocrx_word' id='word_1_63' title='bbox 1728 1287 1889 1366; x_wconf 90' lang='lat' dir='ltr'>vita</span> <span class='ocrx_word' id='word_1_64' title='bbox 1938 1292 2279 1388; x_wconf 82' lang='lat' dir='ltr'>m1grasse</span> <span class='ocrx_word' id='word_1_65' title='bbox 2334 1309 2536 1372; x_wconf 87' lang='lat' dir='ltr'>anno</span> <span class='ocrx_word' id='word_1_66' title='bbox 2585 1323 2793 1390; x_wconf 88' lang='lat'><strong>1207.</strong></span> <span class='ocrx_word' id='word_1_67' title='bbox 2869 1293 3122 1379; x_wconf 77' lang='lat' dir='ltr'>mense</span> 
     </span>
     <span class='ocr_line' id='line_1_10' title="bbox 428 1390 3124 1495; baseline 0.002 -21"><span class='ocrx_word' id='word_1_68' title='bbox 428 1394 699 1474; x_wconf 89' lang='lat' dir='ltr'>Martii</span> <span class='ocrx_word' id='word_1_69' title='bbox 753 1418 847 1474; x_wconf 86' lang='lat' dir='ltr'>ex</span> <span class='ocrx_word' id='word_1_70' title='bbox 898 1390 1225 1495; x_wconf 87' lang='lat' dir='ltr'>publicis</span> <span class='ocrx_word' id='word_1_71' title='bbox 1278 1390 1959 1470; x_wconf 76' lang='lat' dir='ltr'>Instrumentorutn</span> <span class='ocrx_word' id='word_1_72' title='bbox 2016 1390 2291 1470; x_wconf 85' lang='lat' dir='ltr'>tabulis</span> <span class='ocrx_word' id='word_1_73' title='bbox 2343 1416 2596 1493; x_wconf 88' lang='lat' dir='ltr'>aperte</span> <span class='ocrx_word' id='word_1_74' title='bbox 2649 1397 2985 1494; x_wconf 76' lang='lat' dir='ltr'>constat3</span> <span class='ocrx_word' id='word_1_75' title='bbox 3042 1403 3124 1479; x_wconf 82' lang='lat' dir='ltr'>st-</span> 
     </span>
     <span class='ocr_line' id='line_1_11' title="bbox 428 1488 3124 1596; baseline 0.003 -22"><span class='ocrx_word' id='word_1_76' title='bbox 428 1495 735 1596; x_wconf 89' lang='lat' dir='ltr'>quidem</span> <span class='ocrx_word' id='word_1_77' title='bbox 789 1495 1041 1575; x_wconf 89' lang='lat' dir='ltr'>mense</span> <span class='ocrx_word' id='word_1_78' title='bbox 1097 1493 1389 1572; x_wconf 88' lang='lat' dir='ltr'>Martio</span> <span class='ocrx_word' id='word_1_79' title='bbox 1444 1491 1774 1591; x_wconf 81' lang='lat' dir='ltr'>ejusdem</span> <span class='ocrx_word' id='word_1_80' title='bbox 1850 1488 2034 1569; x_wconf 84' lang='lat' dir='ltr'>anni</span> <span class='ocrx_word' id='word_1_81' title='bbox 2087 1491 2408 1573; x_wconf 78' lang='lat' dir='ltr'>Alexius</span> <span class='ocrx_word' id='word_1_82' title='bbox 2446 1548 2471 1594; x_wconf 85' lang='lat'>,</span> <span class='ocrx_word' id='word_1_83' title='bbox 2538 1494 2613 1574; x_wconf 78' lang='lat'>8&lt;</span> <span class='ocrx_word' id='word_1_84' title='bbox 2668 1498 3124 1582; x_wconf 85' lang='lat' dir='ltr'>Theodorus</span> 
     </span>
     <span class='ocr_line' id='line_1_12' title="bbox 428 1589 3124 1704; baseline 0.003 -31"><span class='ocrx_word' id='word_1_85' title='bbox 428 1596 800 1676; x_wconf 80' lang='lat' dir='ltr'>Duracini</span> <span class='ocrx_word' id='word_1_86' title='bbox 857 1596 1317 1676; x_wconf 84' lang='lat' dir='ltr'>habitatores</span> <span class='ocrx_word' id='word_1_87' title='bbox 1368 1589 2042 1693; x_wconf 81' lang='lat' dir='ltr'>Constantinopoli</span> <span class='ocrx_word' id='word_1_88' title='bbox 2096 1595 2398 1704; x_wconf 33' lang='lat' dir='ltr'>cen-sum</span> <span class='ocrx_word' id='word_1_89' title='bbox 2470 1596 2595 1675; x_wconf 88' lang='lat' dir='ltr'>seu</span> <span class='ocrx_word' id='word_1_90' title='bbox 2650 1597 2906 1678; x_wconf 60' lang='lat' dir='ltr'>ficium</span> <span class='ocrx_word' id='word_1_91' title='bbox 2966 1625 3124 1702; x_wconf 77' lang='lat' dir='ltr'>pro·</span> 
     </span>
     <span class='ocr_line' id='line_1_13' title="bbox 427 1696 3125 1801; baseline 0.003 -26"><span class='ocrx_word' id='word_1_92' title='bbox 427 1697 790 1776; x_wconf 84' lang='lat' dir='ltr'>miserunt</span> <span class='ocrx_word' id='word_1_93' title='bbox 845 1696 1095 1776; x_wconf 71' lang='lat' dir='ltr'>trium</span> <span class='ocrx_word' id='word_1_94' title='bbox 1130 1696 1735 1797; x_wconf 84' lang='lat' dir='ltr'>hyperpyrorum</span> <span class='ocrx_word' id='word_1_95' title='bbox 1790 1719 1926 1795; x_wconf 89' lang='lat' dir='ltr'>pro</span> <span class='ocrx_word' id='word_1_96' title='bbox 1979 1713 2323 1772; x_wconf 63' lang='lat' dir='ltr'>tert-auco</span> <span class='ocrx_word' id='word_1_97' title='bbox 2368 1697 2590 1779; x_wconf 87' lang='lat' dir='ltr'>unius</span> <span class='ocrx_word' id='word_1_98' title='bbox 2629 1700 2848 1801; x_wconf 85' lang='lat' dir='ltr'>petiae</span> <span class='ocrx_word' id='word_1_99' title='bbox 2873 1703 2961 1782; x_wconf 88' lang='lat' dir='ltr'>de</span> <span class='ocrx_word' id='word_1_100' title='bbox 2989 1728 3125 1784; x_wconf 89' lang='lat' dir='ltr'>ter-</span> 
     </span>
     <span class='ocr_line' id='line_1_14' title="bbox 427 1790 2650 1897; baseline -0.001 -22"><span class='ocrx_word' id='word_1_101' title='bbox 427 1822 511 1876; x_wconf 87' lang='lat' dir='ltr'>ra</span> <span class='ocrx_word' id='word_1_102' title='bbox 563 1799 656 1876; x_wconf 88' lang='lat' dir='ltr'>de</span> <span class='ocrx_word' id='word_1_103' title='bbox 710 1798 867 1895; x_wconf 82' lang='lat' dir='ltr'>jure</span> <span class='ocrx_word' id='word_1_104' title='bbox 911 1796 1300 1875; x_wconf 84' lang='lat' dir='ltr'>Gradenfis</span> <span class='ocrx_word' id='word_1_105' title='bbox 1345 1796 1934 1875; x_wconf 74' lang='lat' dir='ltr'>patriarchatus.</span> <span class='ocrx_word' id='word_1_106' title='bbox 2010 1798 2040 1897; x_wconf 99' lang='lat'>(</span> <span class='ocrx_word' id='word_1_107' title='bbox 2080 1796 2147 1873; x_wconf 88' lang='lat' dir='ltr'>Y</span> <span class='ocrx_word' id='word_1_108' title='bbox 2183 1790 2219 1886; x_wconf 92' lang='lat'><em>)</em></span> <span class='ocrx_word' id='word_1_109' title='bbox 2643 1811 2650 1818; x_wconf 80' lang='grc'><strong><em>’</em></strong></span> 
     </span>
    </p>

    <p class='ocr_par' dir='ltr' id='par_1_5' title="bbox 358 1897 3139 2798">
     <span class='ocr_line' id='line_1_15' title="bbox 531 1897 3122 2001; baseline 0.004 -26"><span class='ocrx_word' id='word_1_110' title='bbox 531 1898 823 1978; x_wconf 88' lang='lat' dir='ltr'>Eodem</span> <span class='ocrx_word' id='word_1_111' title='bbox 849 1921 1149 1997; x_wconf 88' lang='lat' dir='ltr'>quoque</span> <span class='ocrx_word' id='word_1_112' title='bbox 1177 1922 1381 1976; x_wconf 87' lang='lat' dir='ltr'>anno</span> <span class='ocrx_word' id='word_1_113' title='bbox 1424 1897 1678 1975; x_wconf 80' lang='lat' dir='ltr'>mense</span> <span class='ocrx_word' id='word_1_114' title='bbox 1702 1897 2044 1998; x_wconf 84' lang='lat' dir='ltr'>Augusto</span> <span class='ocrx_word' id='word_1_115' title='bbox 2069 1897 2330 1975; x_wconf 75' lang='lat' dir='ltr'>Petrus</span> <span class='ocrx_word' id='word_1_116' title='bbox 2352 1900 2657 2001; x_wconf 85' lang='lat' dir='ltr'>Longus</span> <span class='ocrx_word' id='word_1_117' title='bbox 2678 1906 2985 1983; x_wconf 88' lang='lat' dir='ltr'>censum</span> <span class='ocrx_word' id='word_1_118' title='bbox 3013 1908 3122 1985; x_wconf 90' lang='lat' dir='ltr'>so-</span> 
     </span>
     <span class='ocr_line' id='line_1_16' title="bbox 421 1996 3128 2113; baseline 0.003 -35"><span class='ocrx_word' id='word_1_119' title='bbox 421 1998 781 2079; x_wconf 84' lang='lat' dir='ltr'>lemniter</span> <span class='ocrx_word' id='word_1_120' title='bbox 802 1997 1199 2100; x_wconf 85' lang='lat' dir='ltr'>spopondit</span> <span class='ocrx_word' id='word_1_121' title='bbox 1221 1998 1525 2113; x_wconf 79' lang='lat' dir='ltr'>Angelo</span> <span class='ocrx_word' id='word_1_122' title='bbox 1542 1996 1906 2077; x_wconf 83' lang='lat' dir='ltr'>Baroccio</span> <span class='ocrx_word' id='word_1_123' title='bbox 1930 1996 2377 2077; x_wconf 78' lang='lat' dir='ltr'>Patriarchae</span> <span class='ocrx_word' id='word_1_124' title='bbox 2399 2003 2754 2082; x_wconf 85' lang='lat' dir='ltr'>Gradenfi</span> <span class='ocrx_word' id='word_1_125' title='bbox 2793 2031 2925 2106; x_wconf 89' lang='lat' dir='ltr'>pto</span> <span class='ocrx_word' id='word_1_126' title='bbox 2949 2029 3128 2109; x_wconf 74' lang='lat' dir='ltr'>qua-</span> 
     </span>
     <span class='ocr_line' id='line_1_17' title="bbox 428 2095 3130 2205; baseline 0.003 -26"><span class='ocrx_word' id='word_1_127' title='bbox 428 2102 600 2179; x_wconf 87' lang='lat' dir='ltr'>dam</span> <span class='ocrx_word' id='word_1_128' title='bbox 657 2096 857 2202; x_wconf 82' lang='lat' dir='ltr'>petia</span> <span class='ocrx_word' id='word_1_129' title='bbox 910 2120 1123 2179; x_wconf 77' lang='lat' dir='ltr'>terrae</span> <span class='ocrx_word' id='word_1_130' title='bbox 1176 2098 1323 2179; x_wconf 84' lang='lat' dir='ltr'>fitae</span> <span class='ocrx_word' id='word_1_131' title='bbox 1367 2120 1572 2198; x_wconf 78' lang='lat' dir='ltr'>Juxta</span> <span class='ocrx_word' id='word_1_132' title='bbox 1612 2118 1919 2178; x_wconf 86' lang='lat' dir='ltr'>murum</span> <span class='ocrx_word' id='word_1_133' title='bbox 1966 2095 2828 2203; x_wconf 84' lang='lat' dir='ltr'>Constantinopolitanae</span> <span class='ocrx_word' id='word_1_134' title='bbox 2853 2107 3130 2205; x_wconf 80' lang='lat' dir='ltr'>Urbis,</span> 
     </span>
     <span class='ocr_line' id='line_1_18' title="bbox 425 2199 3129 2305; baseline 0.003 -27"><span class='ocrx_word' id='word_1_135' title='bbox 425 2226 652 2301; x_wconf 87' lang='lat' dir='ltr'>quam</span> <span class='ocrx_word' id='word_1_136' title='bbox 707 2200 780 2279; x_wconf 87' lang='lat' dir='ltr'>ei</span> <span class='ocrx_word' id='word_1_137' title='bbox 835 2202 1280 2281; x_wconf 63' lang='lat' dir='ltr'>concesserat</span> <span class='ocrx_word' id='word_1_138' title='bbox 1330 2201 1769 2281; x_wconf 79' lang='lat' dir='ltr'>Pancratius</span> <span class='ocrx_word' id='word_1_139' title='bbox 1808 2199 2038 2300; x_wconf 50' lang='lat' dir='ltr'>*ipfius</span> <span class='ocrx_word' id='word_1_140' title='bbox 2060 2202 2508 2281; x_wconf 85' lang='lat' dir='ltr'>Patriarchae</span> <span class='ocrx_word' id='word_1_141' title='bbox 2536 2203 2794 2286; x_wconf 81' lang='lat' dir='ltr'>Frater</span> <span class='ocrx_word' id='word_1_142' title='bbox 2801 2229 2938 2305; x_wconf 82' lang='lat' dir='ltr'>per</span> <span class='ocrx_word' id='word_1_143' title='bbox 2973 2207 3129 2286; x_wconf 81' lang='lat' dir='ltr'>vir-</span> 
     </span>
     <span class='ocr_line' id='line_1_19' title="bbox 358 2299 3127 2403; baseline 0.003 -23"><span class='ocrx_word' id='word_1_144' title='bbox 358 2347 367 2352; x_wconf 94' lang='lat'>·</span> <span class='ocrx_word' id='word_1_145' title='bbox 420 2322 655 2380; x_wconf 75' lang='lat' dir='ltr'>tutem</span> <span class='ocrx_word' id='word_1_146' title='bbox 676 2299 889 2380; x_wconf 76' lang='lat' dir='ltr'>unius</span> <span class='ocrx_word' id='word_1_147' title='bbox 909 2299 1416 2403; x_wconf 70' lang='lat' dir='ltr'>commffom&#39;s</span> <span class='ocrx_word' id='word_1_148' title='bbox 1458 2323 1678 2381; x_wconf 82' lang='lat' dir='ltr'>cartae</span> <span class='ocrx_word' id='word_1_149' title='bbox 1700 2326 1931 2403; x_wconf 88' lang='lat' dir='ltr'>quarn</span> <span class='ocrx_word' id='word_1_150' title='bbox 1977 2301 2110 2403; x_wconf 73' lang='lat' dir='ltr'>ipsi</span> <span class='ocrx_word' id='word_1_151' title='bbox 2152 2302 2425 2382; x_wconf 82' lang='lat' dir='ltr'>fecerat</span> <span class='ocrx_word' id='word_1_152' title='bbox 2464 2312 2564 2384; x_wconf 89' lang='lat' dir='ltr'>D.</span> <span class='ocrx_word' id='word_1_153' title='bbox 2590 2303 2918 2403; x_wconf 79' lang='lat' dir='ltr'>Angelus</span> <span class='ocrx_word' id='word_1_154' title='bbox 2952 2318 3127 2388; x_wconf 79' lang='lat' dir='ltr'>Bar-</span> 
     </span>
     <span class='ocr_line' id='line_1_20' title="bbox 427 2391 3135 2529; baseline 0.002 -45"><span class='ocrx_word' id='word_1_155' title='bbox 427 2399 579 2484; x_wconf 75' lang='lat' dir='ltr'>roci</span> <span class='ocrx_word' id='word_1_156' title='bbox 629 2400 778 2483; x_wconf 80' lang='lat' dir='ltr'>Dei</span> <span class='ocrx_word' id='word_1_157' title='bbox 828 2401 1101 2483; x_wconf 77' lang='lat' dir='ltr'>Gratia</span> <span class='ocrx_word' id='word_1_158' title='bbox 1141 2409 1310 2482; x_wconf 81' lang='lat' dir='ltr'>Ven.</span> <span class='ocrx_word' id='word_1_159' title='bbox 1353 2401 1741 2504; x_wconf 73' lang='lat' dir='ltr'>Gradensts</span> <span class='ocrx_word' id='word_1_160' title='bbox 1782 2391 2114 2514; x_wconf 68' lang='lat' dir='ltr'>Ecclefiae</span> <span class='ocrx_word' id='word_1_161' title='bbox 2131 2402 2610 2516; x_wconf 40' lang='lat' dir='ltr'>„Patriqrcha</span> <span class='ocrx_word' id='word_1_162' title='bbox 2658 2403 2926 2489; x_wconf 73' lang='lat' dir='ltr'>eleelus</span> <span class='ocrx_word' id='word_1_163' title='bbox 2977 2411 2998 2488; x_wconf 96' lang='lat' dir='ltr'>i</span> <span class='ocrx_word' id='word_1_164' title='bbox 3007 2413 3135 2529; x_wconf 76' lang='lat' dir='ltr'>pso</span> 
     </span>
     <span class='ocr_line' id='line_1_21' title="bbox 422 2500 3133 2606; baseline 0.003 -23"><span class='ocrx_word' id='word_1_165' title='bbox 422 2529 629 2584; x_wconf 83' lang='lat' dir='ltr'>anno</span> <span class='ocrx_word' id='word_1_166' title='bbox 661 2533 866 2605; x_wconf 85' lang='lat'><strong>1207.</strong></span> <span class='ocrx_word' id='word_1_167' title='bbox 912 2503 1177 2606; x_wconf 82' lang='lat' dir='ltr'>mensts</span> <span class='ocrx_word' id='word_1_168' title='bbox 1194 2503 1470 2584; x_wconf 77' lang='lat' dir='ltr'>Martii</span> <span class='ocrx_word' id='word_1_169' title='bbox 1475 2503 1619 2605; x_wconf 86' lang='lat' dir='ltr'>sub</span> <span class='ocrx_word' id='word_1_170' title='bbox 1640 2503 1910 2583; x_wconf 59' lang='lat' dir='ltr'>Insita.</span> <span class='ocrx_word' id='word_1_171' title='bbox 1938 2513 2025 2606; x_wconf 80' lang='grc' dir='ltr'>Χ.</span> <span class='ocrx_word' id='word_1_172' title='bbox 2048 2500 2395 2582; x_wconf 73' lang='lat' dir='ltr'>Rtvoaltt</span> <span class='ocrx_word' id='word_1_173' title='bbox 2419 2564 2436 2583; x_wconf 92' lang='lat'><strong>.</strong></span> <span class='ocrx_word' id='word_1_174' title='bbox 2485 2509 2995 2591; x_wconf 83' lang='lat' dir='ltr'>Promiffionis</span> <span class='ocrx_word' id='word_1_175' title='bbox 3020 2537 3133 2590; x_wconf 64' lang='lat' dir='ltr'>m:</span> 
     </span>
     <span class='ocr_line' id='line_1_22' title="bbox 423 2604 3132 2784; baseline 0.003 -99"><span class='ocrx_word' id='word_1_176' title='bbox 423 2606 921 2688; x_wconf 84' lang='lat' dir='ltr'>strumentum</span> <span class='ocrx_word' id='word_1_177' title='bbox 966 2608 1057 2784; x_wconf 60' lang='lat' dir='ltr'>{u</span> <span class='ocrx_word' id='word_1_178' title='bbox 1147 2607 1465 2687; x_wconf 88' lang='lat' dir='ltr'>acitatus</span> <span class='ocrx_word' id='word_1_179' title='bbox 1517 2605 1890 2686; x_wconf 88' lang='lat' dir='ltr'>Nicolaus</span> <span class='ocrx_word' id='word_1_180' title='bbox 1945 2604 2196 2685; x_wconf 88' lang='lat' dir='ltr'>Tinto</span> <span class='ocrx_word' id='word_1_181' title='bbox 2247 2608 2620 2689; x_wconf 87' lang='lat' dir='ltr'>Plebanus</span> <span class='ocrx_word' id='word_1_182' title='bbox 2671 2612 3003 2692; x_wconf 85' lang='lat' dir='ltr'>firmavit</span> <span class='ocrx_word' id='word_1_183' title='bbox 3058 2614 3132 2692; x_wconf 71' lang='lat' dir='ltr'>&amp;c</span> 
     </span>
     <span class='ocr_line' id='line_1_23' title="bbox 427 2708 3139 2798; baseline -0 -12"><span class='ocrx_word' id='word_1_184' title='bbox 427 2708 862 2789; x_wconf 77' lang='lat' dir='ltr'>roboravit.</span> <span class='ocrx_word' id='word_1_185' title='bbox 1660 2789 1667 2794; x_wconf 69' lang='grc'><strong>,</strong></span> <span class='ocrx_word' id='word_1_186' title='bbox 3131 2791 3139 2798; x_wconf 55' lang='grc'>,</span> 
     </span>
    </p>

    <p class='ocr_par' dir='ltr' id='par_1_6' title="bbox 404 2710 3138 3609">
     <span class='ocr_line' id='line_1_24' title="bbox 521 2710 3136 2911; baseline 0.001 -23"><span class='ocrx_word' id='word_1_187' title='bbox 521 2811 643 2888; x_wconf 91' lang='lat' dir='ltr'>Eo</span> <span class='ocrx_word' id='word_1_188' title='bbox 685 2710 1036 2911; x_wconf 41' lang='lat' dir='ltr'>praetessea</span> <span class='ocrx_word' id='word_1_189' title='bbox 1058 2833 1263 2886; x_wconf 88' lang='lat' dir='ltr'>anno</span> <span class='ocrx_word' id='word_1_190' title='bbox 1284 2805 1643 2887; x_wconf 87' lang='lat' dir='ltr'>Widotus</span> <span class='ocrx_word' id='word_1_191' title='bbox 1662 2804 2061 2902; x_wconf 76' lang='lat' dir='ltr'>veneten,</span> <span class='ocrx_word' id='word_1_192' title='bbox 2111 2799 2531 2907; x_wconf 77' lang='lat' dir='ltr'>&amp;Ioannes</span> <span class='ocrx_word' id='word_1_193' title='bbox 2551 2800 2886 2890; x_wconf 85' lang='lat' dir='ltr'>Barastro</span> <span class='ocrx_word' id='word_1_194' title='bbox 2929 2833 3136 2892; x_wconf 84' lang='lat' dir='ltr'>men·</span> 
     </span>
     <span class='ocr_line' id='line_1_25' title="bbox 426 2908 3132 3012; baseline 0.001 -22"><span class='ocrx_word' id='word_1_195' title='bbox 426 2911 497 2990; x_wconf 89' lang='lat' dir='ltr'>se</span> <span class='ocrx_word' id='word_1_196' title='bbox 546 2909 1028 3012; x_wconf 82' lang='lat' dir='ltr'>Septembri,</span> <span class='ocrx_word' id='word_1_197' title='bbox 1078 2929 1304 3011; x_wconf 90' lang='lat' dir='ltr'>atque</span> <span class='ocrx_word' id='word_1_198' title='bbox 1350 2911 1605 2989; x_wconf 78' lang='lat' dir='ltr'>mense</span> <span class='ocrx_word' id='word_1_199' title='bbox 1629 2908 2502 2989; x_wconf 76' lang='lat' dir='ltr'>Decembri-Leonardus</span> <span class='ocrx_word' id='word_1_200' title='bbox 2525 2912 2960 2992; x_wconf 86' lang='lat' dir='ltr'>Vendelino</span> <span class='ocrx_word' id='word_1_201' title='bbox 2981 2937 3132 2994; x_wconf 84' lang='lat' dir='ltr'>cer-</span> 
     </span>
     <span class='ocr_line' id='line_1_26' title="bbox 404 3004 3133 3113; baseline 0.001 -23"><span class='ocrx_word' id='word_1_202' title='bbox 404 3033 581 3108; x_wconf 32' lang='lat' dir='ltr'>„tam</span> <span class='ocrx_word' id='word_1_203' title='bbox 634 3013 898 3092; x_wconf 82' lang='lat' dir='ltr'>census</span> <span class='ocrx_word' id='word_1_204' title='bbox 948 3011 1405 3092; x_wconf 81' lang='lat' dir='ltr'>solutionem</span> <span class='ocrx_word' id='word_1_205' title='bbox 1454 3014 1761 3111; x_wconf 82' lang='lat' dir='ltr'>Angelo</span> <span class='ocrx_word' id='word_1_206' title='bbox 1800 3004 2163 3089; x_wconf 87' lang='lat' dir='ltr'>Baroccio</span> <span class='ocrx_word' id='word_1_207' title='bbox 2209 3008 2655 3090; x_wconf 77' lang='lat' dir='ltr'>Patriarchae</span> <span class='ocrx_word' id='word_1_208' title='bbox 2709 3013 3062 3093; x_wconf 86' lang='lat' dir='ltr'>Gradenfi</span> <span class='ocrx_word' id='word_1_209' title='bbox 3103 3063 3133 3113; x_wconf 79' lang='lat'>‚</span> 
     </span>
     <span class='ocr_line' id='line_1_27' title="bbox 422 3111 3138 3212; baseline 0.001 -22"><span class='ocrx_word' id='word_1_210' title='bbox 422 3116 546 3192; x_wconf 90' lang='lat' dir='ltr'>vel</span> <span class='ocrx_word' id='word_1_211' title='bbox 601 3112 1062 3211; x_wconf 86' lang='lat' dir='ltr'>statuerunt,</span> <span class='ocrx_word' id='word_1_212' title='bbox 1113 3114 1239 3193; x_wconf 85' lang='lat' dir='ltr'>vel</span> <span class='ocrx_word' id='word_1_213' title='bbox 1293 3133 1793 3192; x_wconf 83' lang='lat' dir='ltr'>renovarunt.</span> <span class='ocrx_word' id='word_1_214' title='bbox 1830 3111 1967 3190; x_wconf 25' lang='lat' dir='ltr'>*Ex</span> <span class='ocrx_word' id='word_1_215' title='bbox 2009 3111 2286 3212; x_wconf 86' lang='lat' dir='ltr'>quibus</span> <span class='ocrx_word' id='word_1_216' title='bbox 2325 3111 2683 3192; x_wconf 86' lang='lat' dir='ltr'>omnibus</span> <span class='ocrx_word' id='word_1_217' title='bbox 2724 3113 3138 3195; x_wconf 77' lang='lat' dir='ltr'>indubium</span> 
     </span>
     <span class='ocr_line' id='line_1_28' title="bbox 425 3209 3131 3315; baseline 0.001 -23"><span class='ocrx_word' id='word_1_218' title='bbox 425 3215 528 3293; x_wconf 89' lang='lat' dir='ltr'>est</span> <span class='ocrx_word' id='word_1_219' title='bbox 602 3241 809 3294; x_wconf 86' lang='lat' dir='ltr'>anno</span> <span class='ocrx_word' id='word_1_220' title='bbox 874 3214 1033 3315; x_wconf 83' lang='lat' dir='ltr'>ipso</span> <span class='ocrx_word' id='word_1_221' title='bbox 1096 3241 1306 3309; x_wconf 73' lang='lat'><strong>1:207.</strong></span> <span class='ocrx_word' id='word_1_222' title='bbox 1380 3210 1511 3315; x_wconf 71' lang='lat' dir='ltr'>qu&#39;i</span> <span class='ocrx_word' id='word_1_223' title='bbox 1584 3213 1728 3292; x_wconf 85' lang='lat' dir='ltr'>fuit</span> <span class='ocrx_word' id='word_1_224' title='bbox 1800 3213 2247 3293; x_wconf 79' lang='lat' dir='ltr'>emortualis</span> <span class='ocrx_word' id='word_1_225' title='bbox 2320 3209 2704 3292; x_wconf 60' lang='lat' dir='ltr'>Benedicti</span> <span class='ocrx_word' id='word_1_226' title='bbox 2779 3217 3131 3296; x_wconf 87' lang='lat' dir='ltr'>Phaledri</span> 
     </span>
     <span class='ocr_line' id='line_1_29' title="bbox 424 3311 3132 3416; baseline 0 -22"><span class='ocrx_word' id='word_1_227' title='bbox 424 3315 1015 3395; x_wconf 85' lang='lat' dir='ltr'>Patriarchalem</span> <span class='ocrx_word' id='word_1_228' title='bbox 1038 3317 1506 3395; x_wconf 83' lang='lat' dir='ltr'>Cathedram</span> <span class='ocrx_word' id='word_1_229' title='bbox 1532 3313 1916 3416; x_wconf 83' lang='lat' dir='ltr'>Angelum</span> <span class='ocrx_word' id='word_1_230' title='bbox 1940 3312 2393 3392; x_wconf 82' lang='lat' dir='ltr'>Baroccium</span> <span class='ocrx_word' id='word_1_231' title='bbox 2439 3311 2829 3393; x_wconf 76' lang='lat' dir='ltr'>ascendisse</span> <span class='ocrx_word' id='word_1_232' title='bbox 2853 3339 2876 3407; x_wconf 68' lang='grc' dir='ltr'><strong>ς</strong></span> <span class='ocrx_word' id='word_1_233' title='bbox 2931 3315 3132 3395; x_wconf 89' lang='lat' dir='ltr'>ideo·</span> 
     </span>
     <span class='ocr_line' id='line_1_30' title="bbox 422 3413 3137 3595; baseline 0.002 -102"><span class='ocrx_word' id='word_1_234' title='bbox 422 3439 573 3518; x_wconf 90' lang='lat' dir='ltr'>que</span> <span class='ocrx_word' id='word_1_235' title='bbox 629 3416 931 3595; x_wconf 69' lang='lat' dir='ltr'>spolngia</span> <span class='ocrx_word' id='word_1_236' title='bbox 984 3415 1319 3500; x_wconf 62' lang='lat' dir='ltr'>delendas</span> <span class='ocrx_word' id='word_1_237' title='bbox 1368 3420 1540 3495; x_wconf 86' lang='lat' dir='ltr'>sunt</span> <span class='ocrx_word' id='word_1_238' title='bbox 1592 3413 2047 3515; x_wconf 81' lang='lat' dir='ltr'>marginales</span> <span class='ocrx_word' id='word_1_239' title='bbox 2088 3415 2467 3494; x_wconf 69' lang='lat' dir='ltr'>chronicae</span> <span class='ocrx_word' id='word_1_240' title='bbox 2514 3435 2712 3494; x_wconf 83' lang='lat' dir='ltr'>notae</span> <span class='ocrx_word' id='word_1_241' title='bbox 2737 3416 2826 3493; x_wconf 92' lang='lat' dir='ltr'>ad</span> <span class='ocrx_word' id='word_1_242' title='bbox 2849 3413 3137 3518; x_wconf 83' lang='lat' dir='ltr'>Ughel·</span> 
     </span>
     <span class='ocr_line' id='line_1_31' title="bbox 429 3522 2374 3609; baseline -0.001 -11"><span class='ocrx_word' id='word_1_243' title='bbox 429 3522 594 3598; x_wconf 85' lang='lat' dir='ltr'>lum</span> <span class='ocrx_word' id='word_1_244' title='bbox 648 3543 742 3596; x_wconf 89' lang='lat' dir='ltr'>co</span> <span class='ocrx_word' id='word_1_245' title='bbox 777 3575 795 3594; x_wconf 96' lang='lat'><strong>.</strong></span> <span class='ocrx_word' id='word_1_246' title='bbox 831 3545 909 3596; x_wconf 88' lang='lat'>11</span> <span class='ocrx_word' id='word_1_247' title='bbox 979 3545 1038 3609; x_wconf 73' lang='lat'>&lt;-</span> <span class='ocrx_word' id='word_1_248' title='bbox 1908 3571 1931 3584; x_wconf 61' lang='lat'><em>,</em></span> <span class='ocrx_word' id='word_1_249' title='bbox 2367 3537 2374 3546; x_wconf 87' lang='lat'>&#39;</span> 
     </span>
    </p>

    <p class='ocr_par' dir='ltr' id='par_1_7' title="bbox 426 3535 3140 4542">
     <span class='ocr_line' id='line_1_32' title="bbox 528 3535 3133 3724; baseline 0.001 -26"><span class='ocrx_word' id='word_1_250' title='bbox 528 3618 700 3699; x_wconf 85' lang='lat' dir='ltr'>Post</span> <span class='ocrx_word' id='word_1_251' title='bbox 743 3535 1235 3700; x_wconf 53' lang='lat' dir='ltr'>Bengdiaum</span> <span class='ocrx_word' id='word_1_252' title='bbox 1289 3619 1544 3724; x_wconf 84' lang='lat' dir='ltr'>itaque</span> <span class='ocrx_word' id='word_1_253' title='bbox 1589 3611 2100 3702; x_wconf 73' lang='lat' dir='ltr'>patriarcham</span> <span class='ocrx_word' id='word_1_254' title='bbox 2145 3611 2481 3718; x_wconf 83' lang='lat' dir='ltr'>Angelus</span> <span class='ocrx_word' id='word_1_255' title='bbox 2519 3610 2888 3700; x_wconf 81' lang='lat' dir='ltr'>Baroccio</span> <span class='ocrx_word' id='word_1_256' title='bbox 2939 3613 3133 3700; x_wconf 88' lang='lat' dir='ltr'>ordi-</span> 
     </span>
     <span class='ocr_line' id='line_1_33' title="bbox 428 3718 3136 3822; baseline -0 -19"><span class='ocrx_word' id='word_1_257' title='bbox 428 3732 649 3803; x_wconf 88' lang='lat' dir='ltr'>natus</span> <span class='ocrx_word' id='word_1_258' title='bbox 702 3721 850 3800; x_wconf 90' lang='lat' dir='ltr'>est.</span> <span class='ocrx_word' id='word_1_259' title='bbox 906 3720 1061 3799; x_wconf 89' lang='lat' dir='ltr'>Hic</span> <span class='ocrx_word' id='word_1_260' title='bbox 1116 3742 1272 3800; x_wconf 85' lang='lat' dir='ltr'>erat</span> <span class='ocrx_word' id='word_1_261' title='bbox 1327 3726 1354 3822; x_wconf 90' lang='lat'>(</span> <span class='ocrx_word' id='word_1_262' title='bbox 1403 3744 1487 3802; x_wconf 89' lang='lat' dir='ltr'>ut</span> <span class='ocrx_word' id='word_1_263' title='bbox 1542 3723 1648 3801; x_wconf 85' lang='lat' dir='ltr'>ait</span> <span class='ocrx_word' id='word_1_264' title='bbox 1694 3718 2163 3815; x_wconf 83' lang='lat' dir='ltr'>Dandulus)</span> <span class='ocrx_word' id='word_1_265' title='bbox 2221 3722 2593 3800; x_wconf 80' lang='lat' dir='ltr'>Plebanus</span> <span class='ocrx_word' id='word_1_266' title='bbox 2615 3722 3020 3821; x_wconf 87' lang='lat' dir='ltr'>S.Joannis</span> <span class='ocrx_word' id='word_1_267' title='bbox 3041 3724 3136 3802; x_wconf 89' lang='lat' dir='ltr'>de</span> 
     </span>
     <span class='ocr_line' id='line_1_34' title="bbox 426 3821 3140 3925; baseline -0.003 -20"><span class='ocrx_word' id='word_1_268' title='bbox 426 3824 790 3905; x_wconf 84' lang='lat' dir='ltr'>Rivoalto</span> <span class='ocrx_word' id='word_1_269' title='bbox 845 3823 918 3903; x_wconf 77' lang='lat'>8&lt;</span> <span class='ocrx_word' id='word_1_270' title='bbox 958 3823 1423 3925; x_wconf 82' lang='lat' dir='ltr'>Capellanus</span> <span class='ocrx_word' id='word_1_271' title='bbox 1471 3825 1542 3902; x_wconf 91' lang='lat' dir='ltr'>S.</span> <span class='ocrx_word' id='word_1_272' title='bbox 1592 3824 1884 3903; x_wconf 88' lang='lat' dir='ltr'>Marci.</span> <span class='ocrx_word' id='word_1_273' title='bbox 1938 3823 2171 3902; x_wconf 83' lang='lat' dir='ltr'>Circa</span> <span class='ocrx_word' id='word_1_274' title='bbox 2215 3821 2371 3920; x_wconf 85' lang='lat' dir='ltr'>ejus</span> <span class='ocrx_word' id='word_1_275' title='bbox 2414 3822 2933 3924; x_wconf 80' lang='lat' dir='ltr'>affumptio&#39;nis</span> <span class='ocrx_word' id='word_1_276' title='bbox 2957 3843 3140 3903; x_wconf 87' lang='lat' dir='ltr'>tem.</span> 
     </span>
     <span class='ocr_line' id='line_1_35' title="bbox 426 3915 3137 4029; baseline -0.002 -21"><span class='ocrx_word' id='word_1_277' title='bbox 426 3953 604 4029; x_wconf 87' lang='lat' dir='ltr'>pora</span> <span class='ocrx_word' id='word_1_278' title='bbox 646 3982 672 4021; x_wconf 87' lang='lat'>‚</span> <span class='ocrx_word' id='word_1_279' title='bbox 743 3950 921 4006; x_wconf 87' lang='lat' dir='ltr'>cum</span> <span class='ocrx_word' id='word_1_280' title='bbox 978 3949 1071 4004; x_wconf 84' lang='lat' dir='ltr'>ex</span> <span class='ocrx_word' id='word_1_281' title='bbox 1126 3923 1401 4004; x_wconf 84' lang='lat' dir='ltr'>diffidii</span> <span class='ocrx_word' id='word_1_282' title='bbox 1456 3921 1844 4005; x_wconf 77' lang='lat' dir='ltr'>occasione</span> <span class='ocrx_word' id='word_1_283' title='bbox 1898 3915 2097 4002; x_wconf 85' lang='lat' dir='ltr'>inter</span> <span class='ocrx_word' id='word_1_284' title='bbox 2153 3923 2225 4001; x_wconf 90' lang='lat' dir='ltr'>S.</span> <span class='ocrx_word' id='word_1_285' title='bbox 2280 3920 2583 4022; x_wconf 85' lang='lat' dir='ltr'>Justinae</span> <span class='ocrx_word' id='word_1_286' title='bbox 2645 3927 3137 4027; x_wconf 73' lang='lat' dir='ltr'>Presbyteros</span> 
     </span>
     <span class='ocr_line' id='line_1_36' title="bbox 428 4021 3136 4128; baseline -0.001 -19"><span class='ocrx_word' id='word_1_287' title='bbox 428 4028 670 4109; x_wconf 83' lang='lat' dir='ltr'>exorti</span> <span class='ocrx_word' id='word_1_288' title='bbox 728 4025 1331 4106; x_wconf 85' lang='lat' dir='ltr'>Archidiaconus</span> <span class='ocrx_word' id='word_1_289' title='bbox 1384 4025 1858 4106; x_wconf 80' lang='lat' dir='ltr'>Castenanus</span> <span class='ocrx_word' id='word_1_290' title='bbox 1931 4021 2286 4124; x_wconf 84' lang='lat' dir='ltr'>gravibus</span> <span class='ocrx_word' id='word_1_291' title='bbox 2358 4027 2766 4105; x_wconf 85' lang='lat' dir='ltr'>verborum</span> <span class='ocrx_word' id='word_1_292' title='bbox 2839 4026 3136 4128; x_wconf 76' lang='lat' dir='ltr'>injuriis</span> 
     </span>
     <span class='ocr_line' id='line_1_37' title="bbox 429 4123 3133 4232; baseline -0.002 -20"><span class='ocrx_word' id='word_1_293' title='bbox 429 4129 941 4212; x_wconf 88' lang='lat' dir='ltr'>Patriarcham</span> <span class='ocrx_word' id='word_1_294' title='bbox 965 4130 1421 4208; x_wconf 84' lang='lat' dir='ltr'>Gradensem</span> <span class='ocrx_word' id='word_1_295' title='bbox 1478 4130 1721 4230; x_wconf 85' lang='lat' dir='ltr'>palam</span> <span class='ocrx_word' id='word_1_296' title='bbox 1774 4127 2197 4223; x_wconf 78' lang='lat' dir='ltr'>laceffiffet‚</span> <span class='ocrx_word' id='word_1_297' title='bbox 2253 4127 2750 4207; x_wconf 85' lang='lat' dir='ltr'>Innocentius</span> <span class='ocrx_word' id='word_1_298' title='bbox 2773 4128 2965 4232; x_wconf 87' lang='lat' dir='ltr'>Papa</span> <span class='ocrx_word' id='word_1_299' title='bbox 2991 4123 3133 4230; x_wconf 82' lang='grc' dir='ltr'><strong>ΙΙΙ.</strong></span> 
     </span>
     <span class='ocr_line' id='line_1_38' title="bbox 432 4227 3136 4336; baseline 0 -21"><span class='ocrx_word' id='word_1_300' title='bbox 432 4235 556 4315; x_wconf 83' lang='lat' dir='ltr'>cui</span> <span class='ocrx_word' id='word_1_301' title='bbox 596 4257 742 4334; x_wconf 83' lang='lat' dir='ltr'>-per</span> <span class='ocrx_word' id='word_1_302' title='bbox 786 4231 1235 4311; x_wconf 83' lang='lat' dir='ltr'>Patriarchae</span> <span class='ocrx_word' id='word_1_303' title='bbox 1288 4230 1637 4331; x_wconf 72' lang='lat' dir='ltr'>epistolas</span> <span class='ocrx_word' id='word_1_304' title='bbox 1686 4227 2195 4308; x_wconf 80' lang='lat' dir='ltr'>irreverentiae</span> <span class='ocrx_word' id='word_1_305' title='bbox 2264 4228 2589 4308; x_wconf 68' lang='lat' dir='ltr'>exceffiis</span> <span class='ocrx_word' id='word_1_306' title='bbox 2653 4229 3136 4336; x_wconf 85' lang='lat' dir='ltr'>innotuerat,</span> 
     </span>
     <span class='ocr_line' id='line_1_39' title="bbox 430 4328 3137 4432; baseline -0.005 -13"><span class='ocrx_word' id='word_1_307' title='bbox 430 4333 716 4418; x_wconf 86' lang='lat' dir='ltr'>Abbati</span> <span class='ocrx_word' id='word_1_308' title='bbox 794 4330 1043 4411; x_wconf 72' lang='lat' dir='ltr'>Sanffi</span> <span class='ocrx_word' id='word_1_309' title='bbox 1108 4332 1456 4429; x_wconf 85' lang='lat' dir='ltr'>Hilarii,</span> <span class='ocrx_word' id='word_1_310' title='bbox 1526 4330 1842 4432; x_wconf 86' lang='lat' dir='ltr'>aliisque</span> <span class='ocrx_word' id='word_1_311' title='bbox 1915 4331 2008 4410; x_wconf 89' lang='lat' dir='ltr'>ad</span> <span class='ocrx_word' id='word_1_312' title='bbox 2061 4328 2210 4414; x_wconf 86' lang='lat' dir='ltr'>hoc</span> <span class='ocrx_word' id='word_1_313' title='bbox 2282 4328 2703 4431; x_wconf 86' lang='lat' dir='ltr'>specialiter</span> <span class='ocrx_word' id='word_1_314' title='bbox 2773 4330 3137 4428; x_wconf 65' lang='lat' dir='ltr'>delegat-is</span> 
     </span>
     <span class='ocr_line' id='line_1_40' title="bbox 428 4420 3135 4542; baseline -0.006 -22"><span class='ocrx_word' id='word_1_315' title='bbox 428 4464 556 4542; x_wconf 89' lang='lat' dir='ltr'>per</span> <span class='ocrx_word' id='word_1_316' title='bbox 626 4432 1061 4540; x_wconf 80' lang='lat' dir='ltr'>Apostolica</span> <span class='ocrx_word' id='word_1_317' title='bbox 1131 4434 1405 4534; x_wconf 83' lang='lat' dir='ltr'>scripta</span> <span class='ocrx_word' id='word_1_318' title='bbox 1475 4434 1925 4515; x_wconf 82' lang='lat' dir='ltr'>mandavit:</span> <span class='ocrx_word' id='word_1_319' title='bbox 1998 4457 2352 4536; x_wconf 75' lang='lat' dir='ltr'>quatenus</span> <span class='ocrx_word' id='word_1_320' title='bbox 2424 4429 2775 4532; x_wconf 76' lang='lat' dir='ltr'>inquisita</span> <span class='ocrx_word' id='word_1_321' title='bbox 2841 4420 3135 4539; x_wconf 48' lang='lat' dir='ltr'>plenius</span> 
     </span>
    </p>

    <p class='ocr_par' dir='ltr' id='par_1_8' title="bbox 2834 4551 3030 4607">
     <span class='ocr_line' id='line_1_41' title="bbox 2834 4551 3030 4607; baseline -0.031 -2"><span class='ocrx_word' id='word_1_322' title='bbox 2834 4551 3030 4607; x_wconf 75' lang='lat' dir='ltr'>vert.</span> 
     </span>
    </p>
   </div>
  </div>
 </body>
</html>
