3934 5359
1058 466 1229 565 '264
1543 446 3006 544 DEMO·NASTER10

915 605 1514 713 supralaudatum
1561 599 1915 677 Marcum
1966 596 2221 669 Tazza
2264 591 2354 667 de
2398 590 2749 691 religioso
2793 619 3015 695 opere
3058 595 3344 698 optime
3383 602 3599 680 meri-

807 714 812 717 “
901 736 1078 792 tum
1133 708 1214 785 in
1269 705 1598 805 primum
1647 694 1957 795 Templi
2004 692 2404 771 Rectorem
2458 694 2848 792 elegerunt
2890 748 2915 790 ‚
2968 715 3189 795 atque
3245 724 3600 782 veneran.

913 818 1083 891 dam
1115 806 1546 905 imaginem
1604 801 1684 877 in
1737 798 2079 897 ligneum
2134 795 2486 872 sacellum
2522 850 2545 889 ,
2577 796 2776 893 quod
2832 794 2909 872 in
2953 797 3205 876 medio
3231 801 3603 902 praesigna-

911 935 1006 993 tae
1033 907 1375 989 Ecclefiae
1428 899 1854 984 extrufium
1908 896 2185 992 fuerat,
2230 894 2547 973 solemni
2602 921 2872 994 pompa
2915 896 3180 977 deduci
3204 925 3599 981 curarunt.

1013 1011 1156 1091 His
1207 1007 1386 1086 aclis
1440 1030 1613 1084 cum
1669 1000 2162 1100 undequaque
2217 996 2514 1097 piorum
2572 996 3001 1096 largitiones
3053 1000 3145 1075 ad
3199 1002 3393 1078 tanti
3435 1030 3604 1103 ope-

916 1115 1017 1197 ris
1070 1112 1621 1190 incrementum
1680 1102 1760 1179 in
1815 1101 1969 1178 dies
2022 1098 2460 1192 affluerent,
2517 1097 2930 1195 Templum
2974 1100 3603 1199 magnificentissi-

923 1239 1136 1294 mum
1211 1210 1302 1286 ad
1369 1205 1568 1286 Petri
1622 1199 2028 1281 Lombardi
2085 1198 2608 1298 Archetypum
2686 1198 2970 1296 erigere
3022 1201 3596 1299 disposuerunt.

899 1318 1094 1396 Deo
1146 1313 1396 1411 itaque
1454 1313 1644 1386 bene
1702 1304 2007 1403 juvante
2062 1299 2394 1411 septenni
2450 1297 2681 1395 spatio
2737 1298 3066 1378 Ecclesia
3139 1303 3229 1378 ad
3282 1304 3396 1379 sui
3452 1327 3598 1405 per-

919 1417 1324 1498 sefflooem
1379 1405 1712 1506 dedueta·
1744 1403 1845 1482 est
1897 1400 2195 1501 magnis
2244 1399 2551 1500 quidem
2602 1399 2996 1499 impensis,
3049 1398 3169 1481 sed
3222 1404 3410 1483 adeo
3463 1408 3601 1485 ele-

919 1512 1569 1625 ganti‘strufi'mra,
1622 1528 1704 1584 ut
1727 1506 1887 1603 jure
1930 1500 2300 1581 &merito
2324 1498 2481 1601 post
2503 1520 2804 1579 auream
2831 1501 3024 1579 Divi
3048 1502 3298 1583 Marci
3342 1507 3610 1605 aedem,

897 1618 1280 1696 omnibus
1333 1636 1493 1714 quae
1547 1636 1629 1689 in
1670 1610 1966 1699 Veneta
2019 1604 2230 1718 Urpe
2303 1604 2495 1680 sunt-
2527 1627 2751 1703 opere
2792 1657 2819 1697 ,
2870 1604 2943 1681 8<
2996 1604 3319 1683 materia
3361 1607 3607 1709 praefe·

901 1720 1236 1798 rendam
1288 1710 1657 1794 censuerit
1703 1706 2087 1787 Sabelicus
2139 1730 2220 1782 in
2275 1703 2405 1780 suo
2459 1705 2546 1780 de
2592 1703 2757 1782 Situ
2798 1703 3028 1784 Urbis
3082 1706 3279 1786 libro
3322 1736 3341 1784 :
3391 1717 3610 1787 Exte-

918 1819 1065 1898 νέοι·
1114 1819 1269 1916 ejus
1303 1813 1540 1916 facies
1581 1814 1618 1910 ‘(
1641 1808 1953 1918 Ugliell.
2008 1805 2173 1884 Ital.
2224 1807 2383 1915 Sac3
2440 1806 2670 1882 Tom.
2696 1828 2767 1881 ν.
2822 1805 2965 1891 col.
3020 1807 3275 1905 1178.)
3331 1835 3378 1883 a
3412 1809 3612 1909 sum.

923 1948 1048 2000 mo
1100 1917 1198 1998 ad
1249 1916 1479 1995 imum
1531 1911 1888 2012 Ligusttco
1926 1908 2116 2008 saxo
2136 1961 2163 2003 ,
2212 1908 2459 2008 Istrtco
2501 1961 2526 2002 ‚
2596 1902 2697 1984 <9⁴
2754 1906 3150 2011 Benacenfi
3214 1907 3606 1997 interith's

924 2028 1026 2127 est
1099 2048 1228 2201 ‘seu
1253 2117 1268 2132 ⁶
1298 2011 1572 2098 tabulis
1639 2008 1972 2092 comesta
2007 2064 2035 2106 ‚
2130 2033 2178 2084 a
2251 2006 2503 2107 fronte
2564 2004 3089 2113 Porphyrites,
3182 2020 3611 2107 Spartanus·

975 2152 1060 2204 ue
1147 2152 1192 2199 a
1241 2146 1339 2199 ις’.
1994 2150 2005 2158 ·
3312 2138 3323 2147 ·

922 2156 971 2225 q
1023 2144 1274 2325 Jami'ae
1329 2218 1595 2318 majori
1651 2218 1731 2296 in
1785 2212 2141 2319 exteriori
2197 2232 2402 2315 parte
2446 2210 3088 2313 superimpositum
3132 2211 3234 2292 est
3278 2212 3615 2315 Virginis

920 2327 1403 2407 fimulacrum
1477 2348 1520 2399 a
1575 2317 1953 2418 Pirgotele
2024 2315 2490 2416 sculptorum
2567 2314 2800 2392 aetatis
2873 2315 3014 2394 suae
3066 2313 3285 2394 facile
3340 2317 3614 2399 Princi-

925 2454 1018 2529 pe
1072 2428 1582 2506 elaboratum.
2032 2444 2039 2451 ·

1022 2525 1556 2631 SpeRatissima
1629 2523 1801 2600 sunt
1853 2544 1997 2600 arae
2048 2517 2349 2618 majoris
2400 2515 2847 2598 ornamenta
2887 2572 2914 2614 ,
2985 2520 3180 2600 inter
3230 2546 3394 2623 quae
3448 2522 3617 2600 San·

919 2630 1025 2710 &i
1078 2627 1419 2731 Apostoli
1478 2629 1786 2720 Petrus,
1839 2623 1912 2700 δε
1968 2621 2242 2699 Paulus
2285 2674 2310 2715 ,
2364 2620 2764 2721 pluresque
2815 2622 3096 2722 Angeli
3151 2648 3245 2703 ex
3298 2648 3439 2703 aere
3492 2623 3613 2701 du·

928 2730 1031 2813 &i
1084 2728 1699 2830 conspiciuntur.
2856 2742 2913 2809 N,
3430 2760 3441 2773 ·

1026 2829 1451 2911 Marmorei
1509 2827 1716 2928 pueri
1758 2824 1965 2904 mirae
2020 2822 2550 2926 pulcritudinis
2605 2824 2851 2903 media
2904 2822 2985 2904 in
3040 2849 3245 2942 parte
3286 2825 3615 2904 eminen·

918 2953 1033 3015 tes
1085 2933 1220 3037 sub
1271 2954 1554 3032 organo
1606 2926 2093 3030 pneumatico
2145 2926 2501 3004 collocati
2568 2925 2899 3007 Prafiteli
2966 2931 3401 3006 tribuuntur
3472 2928 3616 3004 Ra·

921 3058 1174 3115 venna
1217 3031 1574 3110 Venetias
1618 3027 2001 3108 translati.
2057 3028 2394 3121 Statuas,
2446 3027 2521 3104 8<
2562 3046 3006 3106 ornamenta
3030 3028 3319 3108 Sacelli
3364 3052 3458 3105 ex
3500 3050 3615 3125 pa-

918 3135 1039 3214 rio
1090 3157 1464 3211 marmore
1522 3129 1879 3209 Tullium
1932 3127 2450 3207 Lombardum
2502 3127 2902 3209 elaborasse
2945 3128 3306 3209 testantur
3346 3128 3617 3207 Mona-

893 3234 1132 3319 ,sterii
1184 3252 1724 3312 monumenta.

1022 3334 1574 3416 Sacratioribus
1622 3332 1853 3413 etiam
1909 3333 2213 3433 ditatur,
2242 3333 2753 3430 ornamentis,
2804 3333 3151 3435 plurimis
3191 3359 3465 3436 nempe
3489 3331 3619 3411 Di-

913 3462 1196 3518 vorum
1250 3436 1550 3537 lipsanis
1602 3435 1695 3514 ad
1747 3461 1905 3514 aras
1958 3436 2344 3515 Divorum
2400 3434 2823 3537 Francisci,
2876 3436 2952 3515 8<
3004 3438 3250 3525 Ciarae
3305 3436 3617 3515 colloca·

921 3538 1064 3620 tis.
1117 3540 1428 3618 Sacrum
1482 3538 1784 3638 Corpus
1839 3537 2212 3637 Martyris
2264 3538 2399 3614 sub
2453 3536 2805 3633 imposito
2858 3536 3252 3616 Theodori
3309 3533 3619 3614 nomine

867 3716 871 3720 .
930 3667 973 3720 e
1015 3639 1335 3741 Cryptis
1357 3640 1730 3718 Romanis
1772 3638 2127 3717 eduE'tum
2173 3639 2305 3715 sub
2347 3660 2470 3714 ara
2494 3636 2687 3714 Divi
2721 3638 3049 3716 Antonii
3090 3637 3528 3739 requiescit.

1028 3744 1327 3821 Interea
1381 3741 1561 3819 dum
1608 3740 2026 3842 Templum
2100 3737 2428 3817 sollicito
2482 3736 2704 3837 opere
2758 3740 3123 3840 exurgit,
3196 3739 3487 3840 optime
3538 3732 3633 3812 fa-

915 3841 1138 3922 ·&um
1188 3839 1434 3920 visum
1487 3841 1591 3920 est
1630 3896 1657 3938 ,
1709 3841 1760 3920 fi
1816 3867 1951 3940 pro
2004 3834 2375 3939 religione
2428 3839 2579 3918 loci
2654 3840 2866 3919 sacrae
2922 3843 3247 3943 persona:
3320 3841 3635 3917 advoca·

926 3964 1191 4025 rentur
1232 3997 1259 4041 ,
1307 3968 1470 4044 quae
1523 3943 1716 4022 illud
1770 3941 2083 4019 Divinis
2136 3938 2369 4018 noetu
2402 3994 2431 4035 ,
2503 3939 2815 4041 diuque.
2856 3943 3415 4043 frequentarent
3469 3938 3632 4017 offia

927 4045 1108 4126 ciis.
1165 4043 1582 4146 Quaefitum
1638 4064 1815 4141 ergo
1868 4065 2046 4119 curn
2100 4034 2378 4135 fuisset,
2426 4040 2638 4139 cujus
2691 4043 2902 4121 sexus
2954 4046 3259 4143 cujusve
3303 4038 3630 4120 instituti

924 4148 1019 4227 ad
1073 4146 1150 4226 id
1202 4144 1537 4224 muneris
1589 4142 2133 4257 seligerentur,
2178 4141 2652 4245 ¹Augustinus
2703 4146 3151 4246 Superanti'o
3202 4138 3626 4245 qui·Fratri

920 4251 1056 4328 suo
1080 4250 1356 4328 Marco
1400 4267 1638 4343 nuper
1680 4268 1763 4321 m
1806 4238 2630 4323 Procuratoris'officio
2683 4246 3157 4343 successerat,
3209 4245 3629 4324 Sanffimo-

923 4352 1159 4447 niales
1204 4343 1696 4426 Minoriticas
1749 4367 1844 4422 ex
1888 4342 2361 4422 Murianenfi
2403 4346 2473 4424 S.
2519 4346 2768 4425 Clarae
2813 4348 3200 4427 Asceterio
3254 4347 3625 4425 deducen-

916 4452 1044 4531 das
1097 4444 1530 4555 proposuit,
1581 4445 1786 4546 quod
1839 4443 1986 4531 viri
2040 4444 2435 4531 confilium
2488 4466 2875 4548 tamquam·
2925 4449 3372 4539 atNumine
3404 4446 3623 4523 ‘affla-

3347 4571 3518 4631 tum
