<?xml version="1.0" encoding="UTF-8"?>
<!DOCTYPE html PUBLIC "-//W3C//DTD XHTML 1.0 Transitional//EN"
    "http://www.w3.org/TR/xhtml1/DTD/xhtml1-transitional.dtd">
<html xmlns="http://www.w3.org/1999/xhtml" xml:lang="en" lang="en">
 <head>
  <title>
</title>
<meta http-equiv="Content-Type" content="text/html;charset=utf-8" />
  <meta name='ocr-system' content='tesseract 3.04.00' />
  <meta name='ocr-capabilities' content='ocr_page ocr_carea ocr_par ocr_line ocrx_word'/>
</head>
<body>
  <div class='ocr_page' id='page_1' title='image "./ecclesiaeveneta02corngoog_0258.png"; bbox 0 0 3934 5359; ppageno 0'>
   <div class='ocr_carea' id='block_1_1' title="bbox 835 372 2165 4513">
    <p class='ocr_par' dir='ltr' id='par_1_1' title="bbox 855 372 2163 2686">
     <span class='ocr_line' id='line_1_1' title="bbox 988 372 1158 436; baseline -0.006 0"><span class='ocrx_word' id='word_1_1' title='bbox 988 372 1158 436; x_wconf 79' lang='lat'>220</span> 
     </span>
     <span class='ocr_line' id='line_1_2' title="bbox 870 500 2159 582; baseline -0.001 0"><span class='ocrx_word' id='word_1_2' title='bbox 870 501 1239 582; x_wconf 85' lang='lat' dir='ltr'>Illustriss.</span> <span class='ocrx_word' id='word_1_3' title='bbox 1285 500 1664 581; x_wconf 86' lang='lat' dir='ltr'>Dominio</span> <span class='ocrx_word' id='word_1_4' title='bbox 1718 500 1997 582; x_wconf 82' lang='lat' dir='ltr'>habuta</span> <span class='ocrx_word' id='word_1_5' title='bbox 2049 506 2159 581; x_wconf 89' lang='lat' dir='ltr'>so-</span> 
     </span>
     <span class='ocr_line' id='line_1_3' title="bbox 858 602 2158 704; baseline 0.001 -25"><span class='ocrx_word' id='word_1_6' title='bbox 858 626 990 704; x_wconf 85' lang='lat' dir='ltr'>pra</span> <span class='ocrx_word' id='word_1_7' title='bbox 1011 604 1080 680; x_wconf 91' lang='lat' dir='ltr'>di</span> <span class='ocrx_word' id='word_1_8' title='bbox 1102 602 1355 703; x_wconf 90' lang='lat' dir='ltr'>questo</span> <span class='ocrx_word' id='word_1_9' title='bbox 1380 605 1709 704; x_wconf 89' lang='lat' dir='ltr'>plenaria</span> <span class='ocrx_word' id='word_1_10' title='bbox 1735 603 2158 704; x_wconf 88' lang='lat' dir='ltr'>probation,</span> 
     </span>
     <span class='ocr_line' id='line_1_4' title="bbox 863 701 2155 802; baseline 0.001 -21"><span class='ocrx_word' id='word_1_11' title='bbox 863 706 1116 802; x_wconf 89' lang='lat' dir='ltr'>quella</span> <span class='ocrx_word' id='word_1_12' title='bbox 1189 705 1366 782; x_wconf 81' lang='lat' dir='ltr'>effer</span> <span class='ocrx_word' id='word_1_13' title='bbox 1415 706 1544 783; x_wconf 88' lang='lat' dir='ltr'>sna</span> <span class='ocrx_word' id='word_1_14' title='bbox 1583 760 1610 801; x_wconf 88' lang='lat'>,</span> <span class='ocrx_word' id='word_1_15' title='bbox 1660 701 2155 782; x_wconf 77' lang='lat' dir='ltr'>devotiffirna-</span> 
     </span>
     <span class='ocr_line' id='line_1_5' title="bbox 861 802 2154 899; baseline 0.003 -20"><span class='ocrx_word' id='word_1_16' title='bbox 861 824 1120 880; x_wconf 89' lang='lat' dir='ltr'>mente</span> <span class='ocrx_word' id='word_1_17' title='bbox 1165 802 1259 881; x_wconf 81' lang='lat' dir='ltr'>fia</span> <span class='ocrx_word' id='word_1_18' title='bbox 1295 806 1716 899; x_wconf 83' lang='lat' dir='ltr'>collocata,</span> <span class='ocrx_word' id='word_1_19' title='bbox 1743 803 1925 883; x_wconf 66' lang='lat' dir='ltr'>ensi</span> <span class='ocrx_word' id='word_1_20' title='bbox 1976 829 2154 883; x_wconf 90' lang='lat' dir='ltr'>con-</span> 
     </span>
     <span class='ocr_line' id='line_1_6' title="bbox 859 902 2153 1006; baseline 0.002 -26"><span class='ocrx_word' id='word_1_21' title='bbox 859 902 1265 1000; x_wconf 84' lang='lat' dir='ltr'>sentendo,</span> <span class='ocrx_word' id='word_1_22' title='bbox 1318 931 1358 984; x_wconf 88' lang='lat' dir='ltr'>e</span> <span class='ocrx_word' id='word_1_23' title='bbox 1405 904 1810 1006; x_wconf 82' lang='lat' dir='ltr'>vogliando</span> <span class='ocrx_word' id='word_1_24' title='bbox 1864 906 2029 983; x_wconf 90' lang='lat' dir='ltr'>loro</span> <span class='ocrx_word' id='word_1_25' title='bbox 2074 905 2153 983; x_wconf 90' lang='lat' dir='ltr'>di</span> 
     </span>
     <span class='ocr_line' id='line_1_7' title="bbox 859 1004 2153 1106; baseline 0.001 -23"><span class='ocrx_word' id='word_1_26' title='bbox 859 1004 1138 1083; x_wconf 85' lang='lat' dir='ltr'>Amadi</span> <span class='ocrx_word' id='word_1_27' title='bbox 1163 1028 1293 1105; x_wconf 89' lang='lat' dir='ltr'>per</span> <span class='ocrx_word' id='word_1_28' title='bbox 1331 1007 1563 1084; x_wconf 87' lang='lat' dir='ltr'>dover</span> <span class='ocrx_word' id='word_1_29' title='bbox 1606 1007 1743 1084; x_wconf 90' lang='lat' dir='ltr'>star</span> <span class='ocrx_word' id='word_1_30' title='bbox 1789 1005 1844 1085; x_wconf 91' lang='lat' dir='ltr'>li</span> <span class='ocrx_word' id='word_1_31' title='bbox 1888 1006 1968 1084; x_wconf 91' lang='lat' dir='ltr'>in</span> <span class='ocrx_word' id='word_1_32' title='bbox 1998 1030 2153 1106; x_wconf 88' lang='lat' dir='ltr'>per·</span> 
     </span>
     <span class='ocr_line' id='line_1_8' title="bbox 855 1106 2156 1207; baseline 0.002 -25"><span class='ocrx_word' id='word_1_33' title='bbox 855 1125 1132 1203; x_wconf 89' lang='lat' dir='ltr'>petuo.</span> <span class='ocrx_word' id='word_1_34' title='bbox 1186 1107 1303 1184; x_wconf 84' lang='lat' dir='ltr'>Ita</span> <span class='ocrx_word' id='word_1_35' title='bbox 1344 1126 1598 1185; x_wconf 87' lang='lat' dir='ltr'>tamen</span> <span class='ocrx_word' id='word_1_36' title='bbox 1642 1107 1882 1186; x_wconf 83' lang='lat' dir='ltr'>chela</span> <span class='ocrx_word' id='word_1_37' title='bbox 1918 1106 2156 1207; x_wconf 76' lang='lat' dir='ltr'>predi-</span> 
     </span>
     <span class='ocr_line' id='line_1_9' title="bbox 861 1201 2159 1306; baseline 0.005 -26"><span class='ocrx_word' id='word_1_38' title='bbox 861 1201 981 1281; x_wconf 68' lang='lat' dir='ltr'>&amp;a</span> <span class='ocrx_word' id='word_1_39' title='bbox 1023 1206 1341 1306; x_wconf 87' lang='lat' dir='ltr'>Capella</span> <span class='ocrx_word' id='word_1_40' title='bbox 1384 1207 1475 1284; x_wconf 92' lang='lat' dir='ltr'>da</span> <span class='ocrx_word' id='word_1_41' title='bbox 1518 1208 1696 1287; x_wconf 82' lang='lat' dir='ltr'>effer</span> <span class='ocrx_word' id='word_1_42' title='bbox 1749 1207 1804 1285; x_wconf 94' lang='lat' dir='ltr'>li</span> <span class='ocrx_word' id='word_1_43' title='bbox 1850 1207 2159 1287; x_wconf 77' lang='lat' dir='ltr'>fabrica-</span> 
     </span>
     <span class='ocr_line' id='line_1_10' title="bbox 857 1303 2160 1400; baseline 0.005 -19"><span class='ocrx_word' id='word_1_44' title='bbox 857 1303 995 1400; x_wconf 83' lang='lat' dir='ltr'>da,</span> <span class='ocrx_word' id='word_1_45' title='bbox 1047 1333 1090 1383; x_wconf 88' lang='lat' dir='ltr'>a</span> <span class='ocrx_word' id='word_1_46' title='bbox 1135 1306 1367 1384; x_wconf 87' lang='lat' dir='ltr'>niuna</span> <span class='ocrx_word' id='word_1_47' title='bbox 1409 1308 1606 1387; x_wconf 90' lang='lat' dir='ltr'>delle</span> <span class='ocrx_word' id='word_1_48' title='bbox 1628 1306 1933 1387; x_wconf 84' lang='lat' dir='ltr'>Chiefie</span> <span class='ocrx_word' id='word_1_49' title='bbox 1989 1311 2160 1387; x_wconf 87' lang='lat' dir='ltr'>Par·</span> 
     </span>
     <span class='ocr_line' id='line_1_11' title="bbox 858 1405 2157 1510; baseline 0.005 -28"><span class='ocrx_word' id='word_1_50' title='bbox 858 1405 1150 1484; x_wconf 83' lang='lat' dir='ltr'>rochial</span> <span class='ocrx_word' id='word_1_51' title='bbox 1210 1407 1511 1503; x_wconf 86' lang='lat' dir='ltr'>vicine,</span> <span class='ocrx_word' id='word_1_52' title='bbox 1563 1409 1690 1488; x_wconf 92' lang='lat' dir='ltr'>vel</span> <span class='ocrx_word' id='word_1_53' title='bbox 1733 1408 2157 1510; x_wconf 82' lang='lat' dir='ltr'>propinque</span> 
     </span>
     <span class='ocr_line' id='line_1_12' title="bbox 862 1504 2156 1610; baseline 0.005 -29"><span class='ocrx_word' id='word_1_54' title='bbox 862 1504 962 1582; x_wconf 86' lang='lat' dir='ltr'>fia</span> <span class='ocrx_word' id='word_1_55' title='bbox 1001 1532 1148 1586; x_wconf 87' lang='lat' dir='ltr'>con</span> <span class='ocrx_word' id='word_1_56' title='bbox 1193 1509 1425 1588; x_wconf 87' lang='lat' dir='ltr'>modo</span> <span class='ocrx_word' id='word_1_57' title='bbox 1465 1509 1742 1589; x_wconf 86' lang='lat' dir='ltr'>alcuno</span> <span class='ocrx_word' id='word_1_58' title='bbox 1784 1510 2156 1610; x_wconf 62' lang='lat' dir='ltr'>subjee&#39;ra,</span> 
     </span>
     <span class='ocr_line' id='line_1_13' title="bbox 860 1609 2160 1707; baseline 0.005 -27"><span class='ocrx_word' id='word_1_59' title='bbox 860 1631 1096 1685; x_wconf 83' lang='lat' dir='ltr'>oveto</span> <span class='ocrx_word' id='word_1_60' title='bbox 1149 1609 1364 1687; x_wconf 90' lang='lat' dir='ltr'>unita</span> <span class='ocrx_word' id='word_1_61' title='bbox 1400 1664 1428 1707; x_wconf 92' lang='lat'>,</span> <span class='ocrx_word' id='word_1_62' title='bbox 1496 1636 1621 1689; x_wconf 87' lang='lat' dir='ltr'>ma</span> <span class='ocrx_word' id='word_1_63' title='bbox 1671 1610 1755 1690; x_wconf 90' lang='lat' dir='ltr'>in</span> <span class='ocrx_word' id='word_1_64' title='bbox 1807 1630 2015 1691; x_wconf 90' lang='lat' dir='ltr'>tutto</span> <span class='ocrx_word' id='word_1_65' title='bbox 2067 1610 2160 1688; x_wconf 90' lang='lat' dir='ltr'>da</span> 
     </span>
     <span class='ocr_line' id='line_1_14' title="bbox 860 1702 2161 1820; baseline 0.011 -41"><span class='ocrx_word' id='word_1_66' title='bbox 860 1705 1050 1820; x_wconf 72' lang='lat' dir='ltr'>altre</span> <span class='ocrx_word' id='word_1_67' title='bbox 1102 1702 1473 1809; x_wconf 75' lang='lat' dir='ltr'>separata,</span> <span class='ocrx_word' id='word_1_68' title='bbox 1524 1738 1566 1790; x_wconf 91' lang='lat' dir='ltr'>e</span> <span class='ocrx_word' id='word_1_69' title='bbox 1619 1712 1867 1792; x_wconf 84' lang='lat' dir='ltr'>sencia</span> <span class='ocrx_word' id='word_1_70' title='bbox 1917 1712 2161 1792; x_wconf 86' lang='lat' dir='ltr'>subie-</span> 
     </span>
     <span class='ocr_line' id='line_1_15' title="bbox 861 1802 2162 1922; baseline 0.007 -40"><span class='ocrx_word' id='word_1_71' title='bbox 861 1802 1070 1922; x_wconf 71' lang='lat' dir='ltr'>Ehon</span> <span class='ocrx_word' id='word_1_72' title='bbox 1111 1810 1428 1908; x_wconf 89' lang='lat' dir='ltr'>alcuna,</span> <span class='ocrx_word' id='word_1_73' title='bbox 1479 1832 1714 1893; x_wconf 85' lang='lat' dir='ltr'>overo</span> <span class='ocrx_word' id='word_1_74' title='bbox 1735 1813 2162 1912; x_wconf 81' lang='lat' dir='ltr'>obligation</span> 
     </span>
     <span class='ocr_line' id='line_1_16' title="bbox 861 1905 2160 2014; baseline 0.008 -31"><span class='ocrx_word' id='word_1_75' title='bbox 861 1905 1094 2009; x_wconf 67' lang='lat' dir='ltr'>flagi,</span> <span class='ocrx_word' id='word_1_76' title='bbox 1145 1910 1644 2014; x_wconf 82' lang='lat' dir='ltr'>&amp;semplice,</span> <span class='ocrx_word' id='word_1_77' title='bbox 1694 1939 1736 1992; x_wconf 89' lang='lat' dir='ltr'>e</span> <span class='ocrx_word' id='word_1_78' title='bbox 1779 1914 1998 1992; x_wconf 86' lang='lat' dir='ltr'>senza</span> <span class='ocrx_word' id='word_1_79' title='bbox 2039 1938 2160 1993; x_wconf 88' lang='lat' dir='ltr'>cu-</span> 
     </span>
     <span class='ocr_line' id='line_1_17' title="bbox 859 2012 2161 2103; baseline 0.005 -20"><span class='ocrx_word' id='word_1_80' title='bbox 859 2032 992 2103; x_wconf 86' lang='lat' dir='ltr'>ra,</span> <span class='ocrx_word' id='word_1_81' title='bbox 1044 2035 1263 2091; x_wconf 91' lang='lat' dir='ltr'>come</span> <span class='ocrx_word' id='word_1_82' title='bbox 1317 2012 1359 2091; x_wconf 83' lang='grc' dir='ltr'>ὲ</span> <span class='ocrx_word' id='word_1_83' title='bbox 1412 2014 1516 2092; x_wconf 74' lang='lat' dir='ltr'>sta</span> <span class='ocrx_word' id='word_1_84' title='bbox 1566 2013 1768 2094; x_wconf 65' lang='lat' dir='ltr'>disto</span> <span class='ocrx_word' id='word_1_85' title='bbox 1811 2071 1830 2089; x_wconf 92' lang='lat'><strong>.</strong></span> <span class='ocrx_word' id='word_1_86' title='bbox 1886 2017 2003 2093; x_wconf 89' lang='lat' dir='ltr'>Ita</span> <span class='ocrx_word' id='word_1_87' title='bbox 2052 2034 2161 2090; x_wconf 89' lang='lat' dir='ltr'>ta-</span> 
     </span>
     <span class='ocr_line' id='line_1_18' title="bbox 860 2111 2162 2229; baseline 0.005 -44"><span class='ocrx_word' id='word_1_88' title='bbox 860 2132 1088 2224; x_wconf 76' lang='lat' dir='ltr'>men,</span> <span class='ocrx_word' id='word_1_89' title='bbox 1139 2112 1284 2226; x_wconf 67' lang='lat' dir='ltr'>che</span> <span class='ocrx_word' id='word_1_90' title='bbox 1326 2112 1410 2227; x_wconf 79' lang='lat' dir='ltr'>in</span> <span class='ocrx_word' id='word_1_91' title='bbox 1455 2114 1511 2191; x_wconf 90' lang='lat' dir='ltr'>li</span> <span class='ocrx_word' id='word_1_92' title='bbox 1535 2132 1665 2215; x_wconf 81' lang='lat' dir='ltr'>per</span> <span class='ocrx_word' id='word_1_93' title='bbox 1720 2115 1877 2193; x_wconf 88' lang='lat' dir='ltr'>etui</span> <span class='ocrx_word' id='word_1_94' title='bbox 1919 2111 2162 2229; x_wconf 80' lang='lat' dir='ltr'>tempi</span> 
     </span>
     <span class='ocr_line' id='line_1_19' title="bbox 862 2209 2163 2322; baseline 0.004 -36"><span class='ocrx_word' id='word_1_95' title='bbox 862 2209 954 2322; x_wconf 78' lang='lat' dir='ltr'>de</span> <span class='ocrx_word' id='word_1_96' title='bbox 997 2210 1053 2287; x_wconf 84' lang='lat'>11</span> <span class='ocrx_word' id='word_1_97' title='bbox 1097 2234 1392 2313; x_wconf 77' lang='lat' dir='ltr'>antrqui</span> <span class='ocrx_word' id='word_1_98' title='bbox 1438 2215 1529 2293; x_wconf 78' lang='lat' dir='ltr'>de</span> <span class='ocrx_word' id='word_1_99' title='bbox 1573 2216 1652 2293; x_wconf 86' lang='lat' dir='ltr'>di·</span> <span class='ocrx_word' id='word_1_100' title='bbox 1725 2214 2163 2314; x_wconf 81' lang='lat' dir='ltr'>aFarniglta</span> 
     </span>
     <span class='ocr_line' id='line_1_20' title="bbox 866 2309 2162 2424; baseline 0.012 -40"><span class='ocrx_word' id='word_1_101' title='bbox 866 2309 945 2424; x_wconf 56' lang='lat' dir='ltr'>d}</span> <span class='ocrx_word' id='word_1_102' title='bbox 971 2311 1245 2388; x_wconf 85' lang='lat' dir='ltr'>Amadi</span> <span class='ocrx_word' id='word_1_103' title='bbox 1290 2311 1490 2393; x_wconf 85' lang='lat' dir='ltr'>fiano</span> <span class='ocrx_word' id='word_1_104' title='bbox 1509 2340 1516 2349; x_wconf 95' lang='lat'>·</span> <span class='ocrx_word' id='word_1_105' title='bbox 1537 2315 2041 2395; x_wconf 82' lang='lat' dir='ltr'>Procuratori‘</span> <span class='ocrx_word' id='word_1_106' title='bbox 2069 2315 2162 2399; x_wconf 80' lang='lat' dir='ltr'>de</span> 
     </span>
     <span class='ocr_line' id='line_1_21' title="bbox 865 2407 2162 2515; baseline 0.008 -32"><span class='ocrx_word' id='word_1_107' title='bbox 865 2407 1063 2486; x_wconf 64' lang='lat' dir='ltr'>dusta</span> <span class='ocrx_word' id='word_1_108' title='bbox 1114 2412 1433 2515; x_wconf 81' lang='lat' dir='ltr'>Capella</span> <span class='ocrx_word' id='word_1_109' title='bbox 1475 2469 1503 2512; x_wconf 92' lang='lat'>,</span> <span class='ocrx_word' id='word_1_110' title='bbox 1555 2418 1628 2494; x_wconf 79' lang='lat'>8&lt;</span> <span class='ocrx_word' id='word_1_111' title='bbox 1684 2415 2162 2496; x_wconf 63' lang='lat' dir='ltr'>Proc‘uratori</span> 
     </span>
     <span class='ocr_line' id='line_1_22' title="bbox 857 2514 2163 2686; baseline 0.006 -100"><span class='ocrx_word' id='word_1_112' title='bbox 857 2530 1006 2686; x_wconf 44' lang='lat' dir='ltr'>Per·</span> <span class='ocrx_word' id='word_1_113' title='bbox 1035 2537 1262 2592; x_wconf 88' lang='lat' dir='ltr'>norne</span> <span class='ocrx_word' id='word_1_114' title='bbox 1285 2514 1332 2592; x_wconf 91' lang='lat' dir='ltr'>s</span> <span class='ocrx_word' id='word_1_115' title='bbox 1319 2541 1419 2595; x_wconf 93' lang='lat' dir='ltr'>uo</span> <span class='ocrx_word' id='word_1_116' title='bbox 1437 2570 1465 2613; x_wconf 92' lang='lat'>,</span> <span class='ocrx_word' id='word_1_117' title='bbox 1516 2516 1589 2594; x_wconf 66' lang='lat' dir='ltr'>az</span> <span class='ocrx_word' id='word_1_118' title='bbox 1612 2517 1702 2595; x_wconf 90' lang='lat' dir='ltr'>de</span> <span class='ocrx_word' id='word_1_119' title='bbox 1724 2517 1896 2597; x_wconf 83' lang='lat' dir='ltr'>altri</span> <span class='ocrx_word' id='word_1_120' title='bbox 1919 2571 1945 2613; x_wconf 91' lang='lat'>,</span> <span class='ocrx_word' id='word_1_121' title='bbox 1986 2538 2163 2618; x_wconf 82' lang='lat' dir='ltr'>qua·</span> 
     </span>
    </p>

    <p class='ocr_par' dir='ltr' id='par_1_2' title="bbox 835 2611 2165 4413">
     <span class='ocr_line' id='line_1_23' title="bbox 902 2611 2165 2729; baseline 0.007 -44"><span class='ocrx_word' id='word_1_122' title='bbox 902 2634 941 2724; x_wconf 42' lang='grc' dir='ltr'>ι·</span> <span class='ocrx_word' id='word_1_123' title='bbox 972 2611 1173 2729; x_wconf 82' lang='lat' dir='ltr'>hano</span> <span class='ocrx_word' id='word_1_124' title='bbox 1225 2641 1274 2694; x_wconf 93' lang='lat' dir='ltr'>o</span> <span class='ocrx_word' id='word_1_125' title='bbox 1318 2616 1503 2696; x_wconf 88' lang='lat' dir='ltr'>sono</span> <span class='ocrx_word' id='word_1_126' title='bbox 1525 2642 1654 2719; x_wconf 90' lang='lat' dir='ltr'>per</span> <span class='ocrx_word' id='word_1_127' title='bbox 1679 2618 1913 2698; x_wconf 76' lang='lat' dir='ltr'>havet</span> <span class='ocrx_word' id='word_1_128' title='bbox 1934 2617 2165 2695; x_wconf 85' lang='lat' dir='ltr'>admi-</span> 
     </span>
     <span class='ocr_line' id='line_1_24' title="bbox 861 2709 2163 2827; baseline 0.009 -42"><span class='ocrx_word' id='word_1_129' title='bbox 861 2709 1257 2827; x_wconf 54' lang='lat' dir='ltr'>nistratlon</span> <span class='ocrx_word' id='word_1_130' title='bbox 1281 2776 1300 2794; x_wconf 89' lang='lat'><strong>.</strong></span> <span class='ocrx_word' id='word_1_131' title='bbox 1346 2719 1886 2799; x_wconf 70' lang='lat' dir='ltr'>Prometten&#39;do</span> <span class='ocrx_word' id='word_1_132' title='bbox 1924 2721 1981 2799; x_wconf 94' lang='lat' dir='ltr'>li</span> <span class='ocrx_word' id='word_1_133' title='bbox 2007 2740 2163 2818; x_wconf 86' lang='lat' dir='ltr'>pre-</span> 
     </span>
     <span class='ocr_line' id='line_1_25' title="bbox 851 2809 2164 2927; baseline 0.01 -42"><span class='ocrx_word' id='word_1_134' title='bbox 851 2809 1049 2927; x_wconf 29' lang='lat' dir='ltr'>&#39;duih</span> <span class='ocrx_word' id='word_1_135' title='bbox 1077 2815 1332 2896; x_wconf 85' lang='lat' dir='ltr'>Meser</span> <span class='ocrx_word' id='word_1_136' title='bbox 1357 2818 1863 2921; x_wconf 74' lang='lat' dir='ltr'>comparenti</span> <span class='ocrx_word' id='word_1_137' title='bbox 1908 2822 1983 2898; x_wconf 89' lang='lat' dir='ltr'>al</span> <span class='ocrx_word' id='word_1_138' title='bbox 2005 2838 2164 2920; x_wconf 67' lang='lat' dir='ltr'>pne·-</span> 
     </span>
     <span class='ocr_line' id='line_1_26' title="bbox 862 2908 2163 3000; baseline 0.009 -13"><span class='ocrx_word' id='word_1_139' title='bbox 862 2908 1030 2991; x_wconf 84' lang='lat' dir='ltr'>fato</span> <span class='ocrx_word' id='word_1_140' title='bbox 1059 2916 1479 2998; x_wconf 82' lang='lat' dir='ltr'>Reverend.</span> <span class='ocrx_word' id='word_1_141' title='bbox 1513 2920 1708 2999; x_wconf 85' lang='lat' dir='ltr'>Mes.</span> <span class='ocrx_word' id='word_1_142' title='bbox 1748 2923 1828 3000; x_wconf 96' lang='lat' dir='ltr'>lo</span> <span class='ocrx_word' id='word_1_143' title='bbox 1854 2920 2163 2999; x_wconf 80' lang='lat' dir='ltr'>Patriar-</span> 
     </span>
     <span class='ocr_line' id='line_1_27' title="bbox 853 3012 2162 3123; baseline 0.011 -35"><span class='ocrx_word' id='word_1_144' title='bbox 853 3012 1005 3090; x_wconf 87' lang='lat' dir='ltr'>cha</span> <span class='ocrx_word' id='word_1_145' title='bbox 1057 3015 1210 3093; x_wconf 81' lang='lat' dir='ltr'>cufi</span> <span class='ocrx_word' id='word_1_146' title='bbox 1261 3018 1732 3101; x_wconf 83' lang='lat' dir='ltr'>richiedente</span> <span class='ocrx_word' id='word_1_147' title='bbox 1771 3047 1818 3099; x_wconf 88' lang='lat' dir='ltr'>a</span> <span class='ocrx_word' id='word_1_148' title='bbox 1857 3021 2162 3123; x_wconf 70' lang='lat' dir='ltr'>questo,</span> 
     </span>
     <span class='ocr_line' id='line_1_28' title="bbox 853 3112 2163 3221; baseline 0.013 -34"><span class='ocrx_word' id='word_1_149' title='bbox 853 3112 1082 3207; x_wconf 76' lang='lat' dir='ltr'>aecio·</span> <span class='ocrx_word' id='word_1_150' title='bbox 1113 3115 1266 3194; x_wconf 81' lang='lat' dir='ltr'>che</span> <span class='ocrx_word' id='word_1_151' title='bbox 1406 3118 1553 3197; x_wconf 86' lang='lat' dir='ltr'>esta</span> <span class='ocrx_word' id='word_1_152' title='bbox 1595 3123 1763 3201; x_wconf 77' lang='lat' dir='ltr'>cosa</span> <span class='ocrx_word' id='word_1_153' title='bbox 1807 3122 1988 3221; x_wconf 80' lang='lat' dir='ltr'>possi</span> <span class='ocrx_word' id='word_1_154' title='bbox 2029 3126 2163 3203; x_wconf 47' lang='lat' dir='ltr'>ob*</span> 
     </span>
     <span class='ocr_line' id='line_1_29' title="bbox 853 3214 2162 3315; baseline 0.013 -29"><span class='ocrx_word' id='word_1_155' title='bbox 853 3229 1084 3289; x_wconf 80' lang='lat' dir='ltr'>tener·</span> <span class='ocrx_word' id='word_1_156' title='bbox 1119 3214 1253 3294; x_wconf 85' lang='lat' dir='ltr'>suo</span> <span class='ocrx_word' id='word_1_157' title='bbox 1351 3244 1443 3315; x_wconf 89' lang='lat' dir='ltr'>n,</span> <span class='ocrx_word' id='word_1_158' title='bbox 1495 3244 1671 3301; x_wconf 85' lang='lat' dir='ltr'>cum</span> <span class='ocrx_word' id='word_1_159' title='bbox 1717 3223 1987 3304; x_wconf 61' lang='lat' dir='ltr'>effeao</span> <span class='ocrx_word' id='word_1_160' title='bbox 2028 3224 2162 3302; x_wconf 83' lang='lat' dir='ltr'>tal-</span> 
     </span>
     <span class='ocr_line' id='line_1_30' title="bbox 847 3321 2163 3419; baseline 0.013 -32"><span class='ocrx_word' id='word_1_161' title='bbox 847 3333 1118 3392; x_wconf 83' lang='lat' dir='ltr'>mente</span> <span class='ocrx_word' id='word_1_162' title='bbox 1161 3321 1532 3417; x_wconf 81' lang='lat' dir='ltr'>proveder</span> <span class='ocrx_word' id='word_1_163' title='bbox 1571 3376 1599 3419; x_wconf 90' lang='lat'>,</span> <span class='ocrx_word' id='word_1_164' title='bbox 1650 3324 1794 3404; x_wconf 89' lang='lat' dir='ltr'>che</span> <span class='ocrx_word' id='word_1_165' title='bbox 1835 3324 1918 3404; x_wconf 88' lang='lat' dir='ltr'>in</span> <span class='ocrx_word' id='word_1_166' title='bbox 1963 3322 2163 3404; x_wconf 60' lang='lat' dir='ltr'>dissa</span> 
     </span>
     <span class='ocr_line' id='line_1_31' title="bbox 845 3411 2157 3535; baseline 0.012 -46"><span class='ocrx_word' id='word_1_167' title='bbox 845 3411 1219 3535; x_wconf 71' lang='lat' dir='ltr'>Capella,</span> <span class='ocrx_word' id='word_1_168' title='bbox 1242 3442 1427 3500; x_wconf 83' lang='lat' dir='ltr'>over</span> <span class='ocrx_word' id='word_1_169' title='bbox 1450 3424 1744 3504; x_wconf 80' lang='lat' dir='ltr'>Sacello</span> <span class='ocrx_word' id='word_1_170' title='bbox 1763 3425 2157 3505; x_wconf 85' lang='lat' dir='ltr'>continua-</span> 
     </span>
     <span class='ocr_line' id='line_1_32' title="bbox 847 3520 2156 3632; baseline 0.009 -41"><span class='ocrx_word' id='word_1_171' title='bbox 847 3537 1115 3632; x_wconf 70' lang='lat' dir='ltr'>mente</span> <span class='ocrx_word' id='word_1_172' title='bbox 1159 3542 1242 3598; x_wconf 90' lang='lat' dir='ltr'>1n</span> <span class='ocrx_word' id='word_1_173' title='bbox 1286 3520 1343 3599; x_wconf 96' lang='lat' dir='ltr'>li</span> <span class='ocrx_word' id='word_1_174' title='bbox 1384 3527 1729 3624; x_wconf 69' lang='lat' dir='ltr'>perpetui</span> <span class='ocrx_word' id='word_1_175' title='bbox 1783 3527 2021 3627; x_wconf 81' lang='lat' dir='ltr'>tempi</span> <span class='ocrx_word' id='word_1_176' title='bbox 2061 3526 2156 3604; x_wconf 86' lang='lat' dir='ltr'>da</span> 
     </span>
     <span class='ocr_line' id='line_1_33' title="bbox 850 3619 2152 3734; baseline 0.011 -44"><span class='ocrx_word' id='word_1_177' title='bbox 850 3636 1082 3734; x_wconf 59' lang='lat' dir='ltr'>venir</span> <span class='ocrx_word' id='word_1_178' title='bbox 1114 3619 1420 3701; x_wconf 89' lang='lat' dir='ltr'>servino</span> <span class='ocrx_word' id='word_1_179' title='bbox 1440 3625 1571 3703; x_wconf 91' lang='lat' dir='ltr'>dui</span> <span class='ocrx_word' id='word_1_180' title='bbox 1615 3626 2002 3707; x_wconf 78' lang='lat' dir='ltr'>Sacerdoti</span> <span class='ocrx_word' id='word_1_181' title='bbox 2030 3627 2152 3704; x_wconf 88' lang='lat' dir='ltr'>Se-</span> 
     </span>
     <span class='ocr_line' id='line_1_34' title="bbox 849 3716 2149 3824; baseline 0.01 -33"><span class='ocrx_word' id='word_1_182' title='bbox 849 3716 1090 3795; x_wconf 78' lang='lat' dir='ltr'>cularr</span> <span class='ocrx_word' id='word_1_183' title='bbox 1129 3721 1224 3798; x_wconf 91' lang='lat' dir='ltr'>de</span> <span class='ocrx_word' id='word_1_184' title='bbox 1279 3725 1476 3803; x_wconf 91' lang='lat' dir='ltr'>bona</span> <span class='ocrx_word' id='word_1_185' title='bbox 1521 3724 1719 3806; x_wconf 81' lang='lat' dir='ltr'>fama</span> <span class='ocrx_word' id='word_1_186' title='bbox 1759 3783 1787 3824; x_wconf 90' lang='lat'>,</span> <span class='ocrx_word' id='word_1_187' title='bbox 1842 3726 2149 3806; x_wconf 84' lang='lat' dir='ltr'>honesta</span> 
     </span>
     <span class='ocr_line' id='line_1_35' title="bbox 850 3819 2156 3923; baseline 0.011 -31"><span class='ocrx_word' id='word_1_188' title='bbox 850 3819 1423 3921; x_wconf 78' lang='lat' dir='ltr'>conversation,</span> <span class='ocrx_word' id='word_1_189' title='bbox 1474 3827 1550 3905; x_wconf 66' lang='grc' dir='ltr'>ὃς</span> <span class='ocrx_word' id='word_1_190' title='bbox 1589 3828 1921 3907; x_wconf 86' lang='lat' dir='ltr'>laudabil</span> <span class='ocrx_word' id='word_1_191' title='bbox 1945 3827 2156 3923; x_wconf 83' lang='lat' dir='ltr'>vita,</span> 
     </span>
     <span class='ocr_line' id='line_1_36' title="bbox 849 3928 2157 4029; baseline 0.011 -38"><span class='ocrx_word' id='word_1_192' title='bbox 849 3940 1030 4029; x_wconf 73' lang='lat' dir='ltr'>cum</span> <span class='ocrx_word' id='word_1_193' title='bbox 1058 3946 1215 4001; x_wconf 92' lang='lat' dir='ltr'>uno</span> <span class='ocrx_word' id='word_1_194' title='bbox 1232 3950 1416 4005; x_wconf 86' lang='lat' dir='ltr'>over</span> <span class='ocrx_word' id='word_1_195' title='bbox 1438 3928 1571 4005; x_wconf 82' lang='lat' dir='ltr'>dui</span> <span class='ocrx_word' id='word_1_196' title='bbox 1591 3928 1884 4008; x_wconf 85' lang='lat' dir='ltr'>Clerici</span> <span class='ocrx_word' id='word_1_197' title='bbox 1906 3982 1934 4025; x_wconf 92' lang='lat'>,</span> <span class='ocrx_word' id='word_1_198' title='bbox 2038 3953 2157 4005; x_wconf 90' lang='lat' dir='ltr'>ua·</span> 
     </span>
     <span class='ocr_line' id='line_1_37' title="bbox 835 3953 2158 4142; baseline 0.012 -50"><span class='ocrx_word' id='word_1_199' title='bbox 835 4016 909 4092; x_wconf 67' lang='lat'>‹11</span> <span class='ocrx_word' id='word_1_200' title='bbox 966 4021 1148 4120; x_wconf 90' lang='lat' dir='ltr'>ogni</span> <span class='ocrx_word' id='word_1_201' title='bbox 1200 4050 1447 4105; x_wconf 88' lang='lat' dir='ltr'>zorno</span> <span class='ocrx_word' id='word_1_202' title='bbox 1493 4028 1576 4142; x_wconf 77' lang='lat' dir='ltr'>in</span> <span class='ocrx_word' id='word_1_203' title='bbox 1628 4029 1805 4128; x_wconf 87' lang='lat' dir='ltr'>quel</span> <span class='ocrx_word' id='word_1_204' title='bbox 1877 3953 2158 4121; x_wconf 48' lang='lat' dir='ltr'>locine,</span> 
     </span>
     <span class='ocr_line' id='line_1_38' title="bbox 847 4118 2155 4219; baseline 0.008 -24"><span class='ocrx_word' id='word_1_205' title='bbox 847 4118 1092 4199; x_wconf 87' lang='lat' dir='ltr'>Mess&#39;e</span> <span class='ocrx_word' id='word_1_206' title='bbox 1133 4178 1161 4219; x_wconf 94' lang='lat'>,</span> <span class='ocrx_word' id='word_1_207' title='bbox 1224 4127 1299 4205; x_wconf 77' lang='lat'>8&lt;</span> <span class='ocrx_word' id='word_1_208' title='bbox 1352 4128 1526 4205; x_wconf 72' lang='lat' dir='ltr'>altri</span> <span class='ocrx_word' id='word_1_209' title='bbox 1581 4127 1863 4207; x_wconf 90' lang='lat' dir='ltr'>Divini</span> <span class='ocrx_word' id='word_1_210' title='bbox 1915 4127 2155 4208; x_wconf 86' lang='lat' dir='ltr'>officii</span> 
     </span>
     <span class='ocr_line' id='line_1_39' title="bbox 851 4218 2157 4338; baseline 0.01 -41"><span class='ocrx_word' id='word_1_211' title='bbox 851 4218 1174 4338; x_wconf 69' lang='lat' dir='ltr'>secondo</span> <span class='ocrx_word' id='word_1_212' title='bbox 1218 4227 1297 4304; x_wconf 87' lang='lat' dir='ltr'>la</span> <span class='ocrx_word' id='word_1_213' title='bbox 1321 4227 1712 4325; x_wconf 73' lang='lat' dir='ltr'>neceffita,</span> <span class='ocrx_word' id='word_1_214' title='bbox 1762 4229 1838 4308; x_wconf 71' lang='grc' dir='ltr'>δε</span> <span class='ocrx_word' id='word_1_215' title='bbox 1881 4255 2157 4309; x_wconf 81' lang='lat' dir='ltr'>conve-</span> 
     </span>
     <span class='ocr_line' id='line_1_40' title="bbox 851 4326 2157 4413; baseline 0.012 -18"><span class='ocrx_word' id='word_1_216' title='bbox 851 4342 1140 4405; x_wconf 70' lang='lat' dir='ltr'>nientia</span> <span class='ocrx_word' id='word_1_217' title='bbox 1188 4326 1308 4406; x_wconf 89' lang='lat' dir='ltr'>del</span> <span class='ocrx_word' id='word_1_218' title='bbox 1350 4326 1581 4409; x_wconf 89' lang='lat' dir='ltr'>locho</span> <span class='ocrx_word' id='word_1_219' title='bbox 1624 4328 2157 4413; x_wconf 86' lang='lat' dir='ltr'>habianoace-</span> 
     </span>
    </p>

    <p class='ocr_par' dir='ltr' id='par_1_3' title="bbox 1902 4432 2110 4513">
     <span class='ocr_line' id='line_1_41' title="bbox 1902 4432 2110 4513; baseline 0.01 -2"><span class='ocrx_word' id='word_1_220' title='bbox 1902 4456 1912 4469; x_wconf 88' lang='lat'><strong>·</strong></span> <span class='ocrx_word' id='word_1_221' title='bbox 2007 4432 2110 4513; x_wconf 90' lang='lat' dir='ltr'>le-</span> 
     </span>
    </p>
   </div>
   <div class='ocr_carea' id='block_1_2' title="bbox 1633 350 2802 443">
    <p class='ocr_par' dir='ltr' id='par_1_4' title="bbox 1633 350 2802 443">
     <span class='ocr_line' id='line_1_42' title="bbox 1633 350 2802 443; baseline 0.003 -6"><span class='ocrx_word' id='word_1_222' title='bbox 1633 350 1835 437; x_wconf 63' lang='lat' dir='ltr'>Da</span> <span class='ocrx_word' id='word_1_223' title='bbox 1959 356 2802 443; x_wconf 67' lang='lat' dir='ltr'>Eccnsss1A</span> 
     </span>
    </p>
   </div>
   <div class='ocr_carea' id='block_1_3' title="bbox 2244 491 3575 4512">
    <p class='ocr_par' dir='ltr' id='par_1_5' title="bbox 2252 491 3562 2392">
     <span class='ocr_line' id='line_1_43' title="bbox 2256 491 3545 613; baseline 0.005 -36"><span class='ocrx_word' id='word_1_224' title='bbox 2256 496 2629 610; x_wconf 62' lang='lat' dir='ltr'>regimine</span> <span class='ocrx_word' id='word_1_225' title='bbox 2681 497 2817 578; x_wconf 88' lang='lat' dir='ltr'>fibi</span> <span class='ocrx_word' id='word_1_226' title='bbox 2866 491 3275 613; x_wconf 42' lang='lat' dir='ltr'>injuncto,</span> <span class='ocrx_word' id='word_1_227' title='bbox 3319 514 3545 601; x_wconf 72' lang='lat' dir='ltr'>atque</span> 
     </span>
     <span class='ocr_line' id='line_1_44' title="bbox 2258 618 3541 701; baseline 0.003 -25"><span class='ocrx_word' id='word_1_228' title='bbox 2258 618 2377 679; x_wconf 73' lang='lat' dir='ltr'>tta</span> <span class='ocrx_word' id='word_1_229' title='bbox 2442 621 2731 678; x_wconf 78' lang='lat' dir='ltr'>tamen·</span> <span class='ocrx_word' id='word_1_230' title='bbox 2766 619 2851 677; x_wconf 91' lang='lat' dir='ltr'>ut</span> <span class='ocrx_word' id='word_1_231' title='bbox 2906 618 3291 701; x_wconf 75' lang='lat' dir='ltr'>perpetuis·</span> <span class='ocrx_word' id='word_1_232' title='bbox 3353 621 3541 680; x_wconf 87' lang='lat' dir='ltr'>tem·</span> 
     </span>
     <span class='ocr_line' id='line_1_45' title="bbox 2253 699 3551 802; baseline 0.002 -23"><span class='ocrx_word' id='word_1_233' title='bbox 2253 700 2559 802; x_wconf 86' lang='lat' dir='ltr'>poribus</span> <span class='ocrx_word' id='word_1_234' title='bbox 2646 699 2973 779; x_wconf 80' lang='lat' dir='ltr'>seniores</span> <span class='ocrx_word' id='word_1_235' title='bbox 3047 699 3139 776; x_wconf 88' lang='lat' dir='ltr'>de</span> <span class='ocrx_word' id='word_1_236' title='bbox 3213 700 3551 781; x_wconf 75' lang='lat' dir='ltr'>Familia</span> 
     </span>
     <span class='ocr_line' id='line_1_46' title="bbox 2254 798 3545 896; baseline 0 -13"><span class='ocrx_word' id='word_1_237' title='bbox 2254 803 2532 882; x_wconf 84' lang='lat' dir='ltr'>Amadi</span> <span class='ocrx_word' id='word_1_238' title='bbox 2602 800 2744 878; x_wconf 75' lang='lat' dir='ltr'>sint</span> <span class='ocrx_word' id='word_1_239' title='bbox 2816 801 2949 879; x_wconf 89' lang='lat' dir='ltr'>suo</span> <span class='ocrx_word' id='word_1_240' title='bbox 2987 852 3016 896; x_wconf 91' lang='lat'>,</span> <span class='ocrx_word' id='word_1_241' title='bbox 3069 799 3144 876; x_wconf 78' lang='lat'>8&lt;</span> <span class='ocrx_word' id='word_1_242' title='bbox 3193 798 3545 883; x_wconf 73' lang='lat' dir='ltr'>success‘o«</span> 
     </span>
     <span class='ocr_line' id='line_1_47' title="bbox 2252 901 3557 983; baseline -0.002 -1"><span class='ocrx_word' id='word_1_243' title='bbox 2252 926 2425 983; x_wconf 83' lang='lat' dir='ltr'>rum</span> <span class='ocrx_word' id='word_1_244' title='bbox 2496 901 2808 981; x_wconf 87' lang='lat' dir='ltr'>nomine</span> <span class='ocrx_word' id='word_1_245' title='bbox 2882 902 3409 981; x_wconf 73' lang='lat' dir='ltr'>Procuratores</span> <span class='ocrx_word' id='word_1_246' title='bbox 3476 924 3557 979; x_wconf 81' lang='lat' dir='ltr'>e·-</span> 
     </span>
     <span class='ocr_line' id='line_1_48' title="bbox 2253 1000 3551 1105; baseline -0.002 -23"><span class='ocrx_word' id='word_1_247' title='bbox 2253 1005 2541 1105; x_wconf 80' lang='lat' dir='ltr'>jusdem</span> <span class='ocrx_word' id='word_1_248' title='bbox 2561 1001 2854 1082; x_wconf 89' lang='lat' dir='ltr'>Sacelli.</span> <span class='ocrx_word' id='word_1_249' title='bbox 2876 1001 3337 1080; x_wconf 75' lang='lat' dir='ltr'>Promittant</span> <span class='ocrx_word' id='word_1_250' title='bbox 3358 1000 3551 1079; x_wconf 86' lang='lat' dir='ltr'>insu·</span> 
     </span>
     <span class='ocr_line' id='line_1_49' title="bbox 2255 1102 3551 1207; baseline -0.002 -24"><span class='ocrx_word' id='word_1_251' title='bbox 2255 1130 2387 1207; x_wconf 88' lang='lat' dir='ltr'>per</span> <span class='ocrx_word' id='word_1_252' title='bbox 2437 1102 2831 1205; x_wconf 73' lang='lat' dir='ltr'>supradiffi</span> <span class='ocrx_word' id='word_1_253' title='bbox 2856 1103 3551 1182; x_wconf 75' lang='lat' dir='ltr'>Procuratores-Re·</span> 
     </span>
     <span class='ocr_line' id='line_1_50' title="bbox 2255 1201 3553 1285; baseline -0.003 0"><span class='ocrx_word' id='word_1_254' title='bbox 2255 1204 2787 1285; x_wconf 81' lang='lat' dir='ltr'>verendiffimo</span> <span class='ocrx_word' id='word_1_255' title='bbox 2839 1201 3186 1281; x_wconf 86' lang='lat' dir='ltr'>Domino</span> <span class='ocrx_word' id='word_1_256' title='bbox 3242 1201 3553 1281; x_wconf 79' lang='lat' dir='ltr'>Patriar-</span> 
     </span>
     <span class='ocr_line' id='line_1_51' title="bbox 2256 1302 3553 1404; baseline -0.004 -17"><span class='ocrx_word' id='word_1_257' title='bbox 2256 1306 2400 1387; x_wconf 88' lang='lat' dir='ltr'>cha</span> <span class='ocrx_word' id='word_1_258' title='bbox 2469 1307 2618 1385; x_wconf 86' lang='lat' dir='ltr'>hoc</span> <span class='ocrx_word' id='word_1_259' title='bbox 2670 1307 2766 1383; x_wconf 81' lang='lat' dir='ltr'>ab</span> <span class='ocrx_word' id='word_1_260' title='bbox 2818 1303 2925 1383; x_wconf 84' lang='lat' dir='ltr'>eis</span> <span class='ocrx_word' id='word_1_261' title='bbox 2975 1302 3326 1404; x_wconf 80' lang='lat' dir='ltr'>exigente</span> <span class='ocrx_word' id='word_1_262' title='bbox 3366 1354 3395 1398; x_wconf 92' lang='lat'>,</span> <span class='ocrx_word' id='word_1_263' title='bbox 3466 1320 3553 1383; x_wconf 87' lang='lat' dir='ltr'>ut</span> 
     </span>
     <span class='ocr_line' id='line_1_52' title="bbox 2256 1400 3553 1509; baseline -0.006 -21"><span class='ocrx_word' id='word_1_264' title='bbox 2256 1428 2598 1509; x_wconf 84' lang='lat' dir='ltr'>optatum</span> <span class='ocrx_word' id='word_1_265' title='bbox 2622 1431 2738 1486; x_wconf 85' lang='lat' dir='ltr'>res</span> <span class='ocrx_word' id='word_1_266' title='bbox 2760 1404 3114 1484; x_wconf 83' lang='lat' dir='ltr'>sortiatur</span> <span class='ocrx_word' id='word_1_267' title='bbox 3152 1400 3505 1483; x_wconf 61' lang='lat' dir='ltr'>effeRum</span> <span class='ocrx_word' id='word_1_268' title='bbox 3522 1450 3553 1500; x_wconf 84' lang='lat'>‚</span> 
     </span>
     <span class='ocr_line' id='line_1_53' title="bbox 2256 1506 3555 1608; baseline 0 -21"><span class='ocrx_word' id='word_1_269' title='bbox 2256 1510 2350 1587; x_wconf 83' lang='lat' dir='ltr'>ad</span> <span class='ocrx_word' id='word_1_270' title='bbox 2400 1508 2729 1608; x_wconf 72' lang='lat' dir='ltr'>ejusdem</span> <span class='ocrx_word' id='word_1_271' title='bbox 2752 1506 3025 1588; x_wconf 86' lang='lat' dir='ltr'>Sacelli</span> <span class='ocrx_word' id='word_1_272' title='bbox 3046 1506 3342 1585; x_wconf 88' lang='lat' dir='ltr'>cultum</span> <span class='ocrx_word' id='word_1_273' title='bbox 3367 1506 3555 1587; x_wconf 73' lang='lat' dir='ltr'>duos</span> 
     </span>
     <span class='ocr_line' id='line_1_54' title="bbox 2262 1606 3552 1703; baseline -0.003 -15"><span class='ocrx_word' id='word_1_274' title='bbox 2262 1611 2485 1688; x_wconf 56' lang='lat' dir='ltr'>bonav</span> <span class='ocrx_word' id='word_1_275' title='bbox 2533 1608 2747 1688; x_wconf 80' lang='lat' dir='ltr'>famae</span> <span class='ocrx_word' id='word_1_276' title='bbox 2789 1663 2818 1703; x_wconf 92' lang='lat'>,</span> <span class='ocrx_word' id='word_1_277' title='bbox 2868 1608 2944 1686; x_wconf 85' lang='lat'>&amp;</span> <span class='ocrx_word' id='word_1_278' title='bbox 2999 1606 3322 1686; x_wconf 78' lang='lat' dir='ltr'>honestae</span> <span class='ocrx_word' id='word_1_279' title='bbox 3372 1631 3552 1685; x_wconf 83' lang='lat' dir='ltr'>con-</span> 
     </span>
     <span class='ocr_line' id='line_1_55' title="bbox 2260 1706 3560 1790; baseline -0.004 0"><span class='ocrx_word' id='word_1_280' title='bbox 2260 1709 2705 1790; x_wconf 82' lang='lat' dir='ltr'>versationis</span> <span class='ocrx_word' id='word_1_281' title='bbox 2776 1707 3157 1787; x_wconf 71' lang='lat' dir='ltr'>saeculares</span> <span class='ocrx_word' id='word_1_282' title='bbox 3209 1706 3560 1785; x_wconf 83' lang='lat' dir='ltr'>Sacerdo-</span> 
     </span>
     <span class='ocr_line' id='line_1_56' title="bbox 2264 1806 3561 1912; baseline -0.004 -22"><span class='ocrx_word' id='word_1_283' title='bbox 2264 1832 2374 1891; x_wconf 84' lang='lat' dir='ltr'>tes</span> <span class='ocrx_word' id='word_1_284' title='bbox 2417 1809 2782 1912; x_wconf 83' lang='lat' dir='ltr'>stipendio</span> <span class='ocrx_word' id='word_1_285' title='bbox 2816 1806 3285 1903; x_wconf 83' lang='lat' dir='ltr'>conducere,</span> <span class='ocrx_word' id='word_1_286' title='bbox 3334 1827 3561 1906; x_wconf 89' lang='lat' dir='ltr'>atque</span> 
     </span>
     <span class='ocr_line' id='line_1_57' title="bbox 2261 1904 3558 2006; baseline -0.005 -16"><span class='ocrx_word' id='word_1_287' title='bbox 2261 1936 2555 2006; x_wconf 88' lang='lat' dir='ltr'>unum,</span> <span class='ocrx_word' id='word_1_288' title='bbox 2607 1913 2733 1989; x_wconf 89' lang='lat' dir='ltr'>vel</span> <span class='ocrx_word' id='word_1_289' title='bbox 2777 1911 2969 1989; x_wconf 77' lang='lat' dir='ltr'>duos</span> <span class='ocrx_word' id='word_1_290' title='bbox 3010 1908 3376 2003; x_wconf 71' lang='lat' dir='ltr'>clericoS,</span> <span class='ocrx_word' id='word_1_291' title='bbox 3426 1904 3558 2005; x_wconf 76' lang='lat' dir='ltr'>qui</span> 
     </span>
     <span class='ocr_line' id='line_1_58' title="bbox 2263 2005 3558 2111; baseline -0.005 -21"><span class='ocrx_word' id='word_1_292' title='bbox 2263 2013 2642 2093; x_wconf 80' lang='lat' dir='ltr'>Sacellum</span> <span class='ocrx_word' id='word_1_293' title='bbox 2687 2010 2926 2111; x_wconf 86' lang='lat' dir='ltr'>ipsum</span> <span class='ocrx_word' id='word_1_294' title='bbox 2964 2008 3404 2110; x_wconf 81' lang='lat' dir='ltr'>quotidiana</span> <span class='ocrx_word' id='word_1_295' title='bbox 3424 2005 3558 2084; x_wconf 53' lang='lat' dir='ltr'>Dif-</span> 
     </span>
     <span class='ocr_line' id='line_1_59' title="bbox 2264 2106 3557 2191; baseline -0.004 -2"><span class='ocrx_word' id='word_1_296' title='bbox 2264 2111 2429 2191; x_wconf 86' lang='lat' dir='ltr'>vini</span> <span class='ocrx_word' id='word_1_297' title='bbox 2479 2110 2791 2191; x_wconf 82' lang='lat' dir='ltr'>misterii</span> <span class='ocrx_word' id='word_1_298' title='bbox 2838 2108 3355 2191; x_wconf 82' lang='lat' dir='ltr'>celebratione</span> <span class='ocrx_word' id='word_1_299' title='bbox 3411 2106 3557 2185; x_wconf 58' lang='lat' dir='ltr'>fre-</span> 
     </span>
     <span class='ocr_line' id='line_1_60' title="bbox 2260 2208 3562 2392; baseline -0.005 -99"><span class='ocrx_word' id='word_1_300' title='bbox 2260 2233 2632 2392; x_wconf 54' lang='lat' dir='ltr'>}‘uentent</span> <span class='ocrx_word' id='word_1_301' title='bbox 2684 2213 2780 2291; x_wconf 86' lang='lat' dir='ltr'>ad</span> <span class='ocrx_word' id='word_1_302' title='bbox 2829 2211 2983 2292; x_wconf 90' lang='lat' dir='ltr'>loci</span> <span class='ocrx_word' id='word_1_303' title='bbox 3022 2208 3562 2305; x_wconf 80' lang='lat' dir='ltr'>neceffitatem‚</span> 
     </span>
    </p>

    <p class='ocr_par' dir='ltr' id='par_1_6' title="bbox 2244 2310 3575 4439">
     <span class='ocr_line' id='line_1_61' title="bbox 2391 2310 3558 2413; baseline -0.005 -20"><span class='ocrx_word' id='word_1_304' title='bbox 2391 2316 2619 2394; x_wconf 78' lang='lat' dir='ltr'>decus</span> <span class='ocrx_word' id='word_1_305' title='bbox 2661 2371 2679 2390; x_wconf 90' lang='lat'><strong>.</strong></span> <span class='ocrx_word' id='word_1_306' title='bbox 2751 2313 2862 2391; x_wconf 90' lang='lat' dir='ltr'>Hi</span> <span class='ocrx_word' id='word_1_307' title='bbox 2938 2336 3161 2413; x_wconf 86' lang='lat' dir='ltr'>porro</span> <span class='ocrx_word' id='word_1_308' title='bbox 3212 2310 3558 2390; x_wconf 83' lang='lat' dir='ltr'>Sacerdo-</span> 
     </span>
     <span class='ocr_line' id='line_1_62' title="bbox 2263 2411 3557 2514; baseline -0.005 -20"><span class='ocrx_word' id='word_1_309' title='bbox 2263 2436 2421 2512; x_wconf 67' lang='grc' dir='ltr'>τες,</span> <span class='ocrx_word' id='word_1_310' title='bbox 2472 2416 2548 2495; x_wconf 78' lang='grc'>8(</span> <span class='ocrx_word' id='word_1_311' title='bbox 2597 2413 2893 2495; x_wconf 85' lang='lat' dir='ltr'>Clerici</span> <span class='ocrx_word' id='word_1_312' title='bbox 2943 2415 3042 2493; x_wconf 83' lang='lat' dir='ltr'>ad</span> <span class='ocrx_word' id='word_1_313' title='bbox 3076 2436 3409 2514; x_wconf 87' lang='lat' dir='ltr'>quorum</span> <span class='ocrx_word' id='word_1_314' title='bbox 3448 2411 3557 2488; x_wconf 85' lang='lat' dir='ltr'>su-</span> 
     </span>
     <span class='ocr_line' id='line_1_63' title="bbox 2263 2515 3555 2616; baseline -0.004 -21"><span class='ocrx_word' id='word_1_315' title='bbox 2263 2515 2794 2595; x_wconf 79' lang='lat' dir='ltr'>stentatiouem</span> <span class='ocrx_word' id='word_1_316' title='bbox 2848 2534 3275 2616; x_wconf 84' lang='lat' dir='ltr'>opportuna</span> <span class='ocrx_word' id='word_1_317' title='bbox 3328 2530 3555 2592; x_wconf 84' lang='lat' dir='ltr'>erunt</span> 
     </span>
     <span class='ocr_line' id='line_1_64' title="bbox 2263 2613 3555 2697; baseline -0.004 -1"><span class='ocrx_word' id='word_1_318' title='bbox 2263 2616 2881 2697; x_wconf 84' lang='lat' dir='ltr'>subministranda</span> <span class='ocrx_word' id='word_1_319' title='bbox 2931 2613 3249 2695; x_wconf 85' lang='lat' dir='ltr'>arbitrio</span> <span class='ocrx_word' id='word_1_320' title='bbox 3291 2615 3555 2693; x_wconf 79' lang='lat' dir='ltr'>Procu-</span> 
     </span>
     <span class='ocr_line' id='line_1_65' title="bbox 2261 2714 3559 2818; baseline -0.005 -21"><span class='ocrx_word' id='word_1_321' title='bbox 2261 2739 2601 2797; x_wconf 84' lang='lat' dir='ltr'>ratorum</span> <span class='ocrx_word' id='word_1_322' title='bbox 2622 2740 2793 2797; x_wconf 84' lang='lat' dir='ltr'>tum</span> <span class='ocrx_word' id='word_1_323' title='bbox 2813 2714 3289 2818; x_wconf 68' lang='lat' dir='ltr'>praesentium</span> <span class='ocrx_word' id='word_1_324' title='bbox 3310 2768 3338 2811; x_wconf 89' lang='lat'>‚</span> <span class='ocrx_word' id='word_1_325' title='bbox 3391 2734 3559 2793; x_wconf 87' lang='lat' dir='ltr'>turn</span> 
     </span>
     <span class='ocr_line' id='line_1_66' title="bbox 2264 2814 3556 2919; baseline -0.004 -23"><span class='ocrx_word' id='word_1_326' title='bbox 2264 2820 2755 2899; x_wconf 79' lang='lat' dir='ltr'>fuccefforum</span> <span class='ocrx_word' id='word_1_327' title='bbox 2806 2818 3234 2919; x_wconf 78' lang='lat' dir='ltr'>eligentur,</span> <span class='ocrx_word' id='word_1_328' title='bbox 3285 2814 3411 2895; x_wconf 87' lang='lat' dir='ltr'>sed</span> <span class='ocrx_word' id='word_1_329' title='bbox 3460 2814 3556 2892; x_wconf 86' lang='lat' dir='ltr'>ab</span> 
     </span>
     <span class='ocr_line' id='line_1_67' title="bbox 2263 2912 3557 3022; baseline -0.004 -25"><span class='ocrx_word' id='word_1_330' title='bbox 2263 2919 2424 3022; x_wconf 81' lang='lat' dir='ltr'>ipso</span> <span class='ocrx_word' id='word_1_331' title='bbox 2442 2945 2626 2999; x_wconf 82' lang='lat' dir='ltr'>mox</span> <span class='ocrx_word' id='word_1_332' title='bbox 2651 2918 3105 3016; x_wconf 74' lang='lat' dir='ltr'>patriarcha,</span> <span class='ocrx_word' id='word_1_333' title='bbox 3128 2916 3254 2996; x_wconf 85' lang='lat' dir='ltr'>vel</span> <span class='ocrx_word' id='word_1_334' title='bbox 3275 2912 3557 2995; x_wconf 74' lang='lat' dir='ltr'>succes-</span> 
     </span>
     <span class='ocr_line' id='line_1_68' title="bbox 2264 3015 3555 3123; baseline -0.005 -24"><span class='ocrx_word' id='word_1_335' title='bbox 2264 3022 2553 3101; x_wconf 84' lang='lat' dir='ltr'>sori-bus</span> <span class='ocrx_word' id='word_1_336' title='bbox 2577 3021 3038 3123; x_wconf 81' lang='lat' dir='ltr'>approbandi</span> <span class='ocrx_word' id='word_1_337' title='bbox 3060 3038 3287 3103; x_wconf 81' lang='lat' dir='ltr'>erunt</span> <span class='ocrx_word' id='word_1_338' title='bbox 3307 3042 3332 3109; x_wconf 81' lang='lat'>3</span> <span class='ocrx_word' id='word_1_339' title='bbox 3353 3015 3555 3093; x_wconf 68' lang='lat' dir='ltr'>insu:-</span> 
     </span>
     <span class='ocr_line' id='line_1_69' title="bbox 2262 3115 3557 3224; baseline -0.006 -23"><span class='ocrx_word' id='word_1_340' title='bbox 2262 3148 2394 3224; x_wconf 85' lang='lat' dir='ltr'>per</span> <span class='ocrx_word' id='word_1_341' title='bbox 2436 3122 2515 3201; x_wconf 88' lang='lat' dir='ltr'>se</span> <span class='ocrx_word' id='word_1_342' title='bbox 2551 3123 2813 3200; x_wconf 87' lang='lat' dir='ltr'>omnia</span> <span class='ocrx_word' id='word_1_343' title='bbox 2854 3121 2946 3200; x_wconf 91' lang='lat' dir='ltr'>ad</span> <span class='ocrx_word' id='word_1_344' title='bbox 2969 3119 3351 3201; x_wconf 84' lang='lat' dir='ltr'>Divinum</span> <span class='ocrx_word' id='word_1_345' title='bbox 3393 3115 3557 3196; x_wconf 81' lang='lat' dir='ltr'>cul.-</span> 
     </span>
     <span class='ocr_line' id='line_1_70' title="bbox 2264 3220 3553 3323; baseline -0.005 -21"><span class='ocrx_word' id='word_1_346' title='bbox 2264 3246 2432 3302; x_wconf 88' lang='lat' dir='ltr'>tum</span> <span class='ocrx_word' id='word_1_347' title='bbox 2474 3222 2869 3303; x_wconf 76' lang='lat' dir='ltr'>neceffaria</span> <span class='ocrx_word' id='word_1_348' title='bbox 2908 3220 3553 3323; x_wconf 62' lang='lat' dir='ltr'>suppeditantes,</span> 
     </span>
     <span class='ocr_line' id='line_1_71' title="bbox 2261 3320 3541 3425; baseline -0.003 -24"><span class='ocrx_word' id='word_1_349' title='bbox 2261 3323 2660 3425; x_wconf 85' lang='lat' dir='ltr'>ipsumque</span> <span class='ocrx_word' id='word_1_350' title='bbox 2735 3323 3115 3404; x_wconf 81' lang='lat' dir='ltr'>Sacellum</span> <span class='ocrx_word' id='word_1_351' title='bbox 3186 3320 3541 3401; x_wconf 72' lang='lat' dir='ltr'>decenter</span> 
     </span>
     <span class='ocr_line' id='line_1_72' title="bbox 2258 3421 3551 3525; baseline -0.005 -21"><span class='ocrx_word' id='word_1_352' title='bbox 2258 3425 2832 3505; x_wconf 72' lang='lat' dir='ltr'>conservaturos</span> <span class='ocrx_word' id='word_1_353' title='bbox 2854 3423 3012 3505; x_wconf 82' lang='lat' dir='ltr'>fore</span> <span class='ocrx_word' id='word_1_354' title='bbox 3040 3421 3502 3525; x_wconf 69' lang='lat' dir='ltr'>despondent</span> <span class='ocrx_word' id='word_1_355' title='bbox 3518 3432 3551 3496; x_wconf 83' lang='grc'>.’</span> 
     </span>
     <span class='ocr_line' id='line_1_73' title="bbox 2248 3517 3553 3626; baseline -0.006 -21"><span class='ocrx_word' id='word_1_356' title='bbox 2248 3524 2371 3605; x_wconf 88' lang='lat' dir='ltr'>Ut</span> <span class='ocrx_word' id='word_1_357' title='bbox 2461 3525 2805 3626; x_wconf 71' lang='lat' dir='ltr'>praedilz‘ta</span> <span class='ocrx_word' id='word_1_358' title='bbox 2875 3524 3139 3607; x_wconf 65' lang='lat' dir='ltr'>omnia</span> <span class='ocrx_word' id='word_1_359' title='bbox 3226 3517 3553 3603; x_wconf 71' lang='lat' dir='ltr'>firmiori</span> 
     </span>
     <span class='ocr_line' id='line_1_74' title="bbox 2256 3618 3552 3726; baseline -0.004 -21"><span class='ocrx_word' id='word_1_360' title='bbox 2256 3625 2406 3705; x_wconf 86' lang='lat' dir='ltr'>fide</span> <span class='ocrx_word' id='word_1_361' title='bbox 2456 3649 2779 3726; x_wconf 81' lang='lat' dir='ltr'>agantur</span> <span class='ocrx_word' id='word_1_362' title='bbox 2848 3628 2923 3707; x_wconf 79' lang='lat' dir='ltr'>se</span> <span class='ocrx_word' id='word_1_363' title='bbox 2970 3627 3207 3709; x_wconf 86' lang='lat' dir='ltr'>etiam</span> <span class='ocrx_word' id='word_1_364' title='bbox 3258 3618 3552 3725; x_wconf 76' lang='lat' dir='ltr'>publici</span> 
     </span>
     <span class='ocr_line' id='line_1_75' title="bbox 2257 3723 3564 3809; baseline -0.002 -5"><span class='ocrx_word' id='word_1_365' title='bbox 2257 3726 2735 3809; x_wconf 85' lang='lat' dir='ltr'>instrumenti</span> <span class='ocrx_word' id='word_1_366' title='bbox 2782 3731 3077 3809; x_wconf 57' lang='lat' dir='ltr'>‘robore</span> <span class='ocrx_word' id='word_1_367' title='bbox 3150 3727 3245 3806; x_wconf 72' lang='lat' dir='ltr'>ad</span> <span class='ocrx_word' id='word_1_368' title='bbox 3296 3723 3564 3805; x_wconf 84' lang='lat' dir='ltr'>volun-</span> 
     </span>
     <span class='ocr_line' id='line_1_76' title="bbox 2258 3827 3575 3911; baseline -0.003 -6"><span class='ocrx_word' id='word_1_369' title='bbox 2258 3848 2494 3907; x_wconf 87' lang='lat' dir='ltr'>tatem</span> <span class='ocrx_word' id='word_1_370' title='bbox 2550 3828 2877 3909; x_wconf 87' lang='lat' dir='ltr'>Domini</span> <span class='ocrx_word' id='word_1_371' title='bbox 2930 3827 3380 3911; x_wconf 75' lang='lat' dir='ltr'>Patriarchae</span> <span class='ocrx_word' id='word_1_372' title='bbox 3453 3847 3575 3902; x_wconf 73' lang='lat' dir='ltr'>ar·-</span> 
     </span>
     <span class='ocr_line' id='line_1_77' title="bbox 2244 3924 3559 4031; baseline -0.002 -25"><span class='ocrx_word' id='word_1_373' title='bbox 2244 3926 2450 4006; x_wconf 72' lang='lat' dir='ltr'>Etius</span> <span class='ocrx_word' id='word_1_374' title='bbox 2501 3928 2965 4031; x_wconf 75' lang='lat' dir='ltr'>obstringere</span> <span class='ocrx_word' id='word_1_375' title='bbox 3033 3928 3366 4013; x_wconf 81' lang='lat' dir='ltr'>fatentur</span> <span class='ocrx_word' id='word_1_376' title='bbox 3418 3924 3559 4004; x_wconf 80' lang='lat' dir='ltr'>effe</span> 
     </span>
     <span class='ocr_line' id='line_1_78' title="bbox 2257 4024 3555 4145; baseline -0.004 -37"><span class='ocrx_word' id='word_1_377' title='bbox 2257 4048 2595 4145; x_wconf 61' lang='lat' dir='ltr'>paratos.</span> <span class='ocrx_word' id='word_1_378' title='bbox 2646 4030 3106 4134; x_wconf 79' lang='lat' dir='ltr'>Suppliciter</span> <span class='ocrx_word' id='word_1_379' title='bbox 3154 4030 3265 4113; x_wconf 86' lang='lat' dir='ltr'>ita</span> <span class='ocrx_word' id='word_1_380' title='bbox 3318 4052 3443 4123; x_wconf 87' lang='lat' dir='ltr'>ue,</span> <span class='ocrx_word' id='word_1_381' title='bbox 3480 4024 3555 4103; x_wconf 82' lang='lat' dir='ltr'>8c</span> 
     </span>
     <span class='ocr_line' id='line_1_79' title="bbox 2258 4130 3558 4233; baseline 0.006 -26"><span class='ocrx_word' id='word_1_382' title='bbox 2258 4154 2481 4211; x_wconf 71' lang='lat' dir='ltr'>enixe</span> <span class='ocrx_word' id='word_1_383' title='bbox 2526 4130 2771 4233; x_wconf 81' lang='lat' dir='ltr'>ipsum</span> <span class='ocrx_word' id='word_1_384' title='bbox 2826 4131 3255 4217; x_wconf 70' lang='lat' dir='ltr'>Reverendi</span> <span class='ocrx_word' id='word_1_385' title='bbox 3428 4149 3558 4205; x_wconf 79' lang='lat' dir='ltr'>um</span> 
     </span>
     <span class='ocr_line' id='line_1_80' title="bbox 2255 4231 3557 4319; baseline -0.005 -8"><span class='ocrx_word' id='word_1_386' title='bbox 2255 4231 2691 4313; x_wconf 83' lang='lat' dir='ltr'>Dominum</span> <span class='ocrx_word' id='word_1_387' title='bbox 2774 4235 3287 4319; x_wconf 74' lang='lat' dir='ltr'>Patriamham</span> <span class='ocrx_word' id='word_1_388' title='bbox 3385 4252 3557 4308; x_wconf 81' lang='lat' dir='ltr'>exo·</span> 
     </span>
     <span class='ocr_line' id='line_1_81' title="bbox 2261 4330 3558 4439; baseline -0.005 -27"><span class='ocrx_word' id='word_1_389' title='bbox 2261 4353 2488 4431; x_wconf 82' lang='lat' dir='ltr'>rant,</span> <span class='ocrx_word' id='word_1_390' title='bbox 2532 4356 2619 4418; x_wconf 88' lang='lat' dir='ltr'>ut</span> <span class='ocrx_word' id='word_1_391' title='bbox 2670 4334 3008 4438; x_wconf 83' lang='lat' dir='ltr'>ipsorum</span> <span class='ocrx_word' id='word_1_392' title='bbox 3057 4335 3181 4439; x_wconf 85' lang='lat' dir='ltr'>pia</span> <span class='ocrx_word' id='word_1_393' title='bbox 3221 4386 3249 4433; x_wconf 91' lang='lat'>,</span> <span class='ocrx_word' id='word_1_394' title='bbox 3301 4332 3375 4411; x_wconf 78' lang='lat'>8&lt;</span> <span class='ocrx_word' id='word_1_395' title='bbox 3432 4330 3558 4407; x_wconf 84' lang='lat' dir='ltr'>ho·</span> 
     </span>
    </p>

    <p class='ocr_par' dir='ltr' id='par_1_7' title="bbox 3334 4454 3460 4512">
     <span class='ocr_line' id='line_1_82' title="bbox 3334 4454 3460 4512; baseline -0.032 0"><span class='ocrx_word' id='word_1_396' title='bbox 3334 4454 3460 4512; x_wconf 88' lang='lat' dir='ltr'>ne·</span> 
     </span>
    </p>
   </div>
  </div>
 </body>
</html>
