3934 5359
795 2041 803 2047 ,
948 2021 958 2028 .
1631 1934 1745 2041 D
1847 1936 1934 2042 E
2932 2038 2938 2043 ,

635 2085 1600 2284 ECCLESIA
1690 2152 2960 2317 PARocHiALl

363 2407 590 2541 SA·
650 2400 1986 2540 GEMINIANI
2090 2393 3203 2538 EPISCOPL

821 2672 1018 2753 UM
1071 2671 1530 2773 Iustinianus
1581 2673 1834 2754 Caesar
1883 2700 2091 2754 arma
2143 2692 2411 2756 contra
2461 2669 2813 2751 Totilam
2853 2663 3153 2756 Gotho-

849 2800 1018 2853 rum
1062 2777 1356 2876 Regem
1409 2799 1720 2856 movere
1772 2775 2255 2874 decrevisset,
2309 2797 2393 2855 ut
2445 2772 2798 2873 iniquum
2850 2769 3154 2881 usurpa-

855 2897 1098 2955 torem
1153 2879 1249 2954 ab
1302 2877 1541 2958 Italiae
1611 2876 1891 2958 finibus
1942 2899 2334 2960 amoveret
2373 2932 2401 2974 ‚
2474 2872 2778 2956 Narseti
2831 2867 3153 2949 Patritio

855 2978 1206 3081 supremo
1259 2977 1648 3096 copi-arum
1706 2977 1915 3061 Duci
1966 2979 2081 3061 rei
2136 2980 2479 3084 gerendae
2533 2998 2794 3056 curam
2846 2971 3155 3051 deman·

913 3079 1164 3158 davit.
1219 3080 1364 3158 Vir
1419 3081 1803 3184 inclytuS‚
1854 3081 1932 3161 8(
1984 3084 2198 3163 omni
2252 3082 2629 3161 virtutum
2682 3099 2955 3179 genere
3028 3095 3157 3151 cu-

426 3180 972 3261 mulatiffimus
1024 3180 1243 3260 simul
1297 3209 1383 3261 ac
1438 3182 1519 3261 in
1572 3181 1876 3263 Italiam
1930 3182 2361 3279 descendit,
2411 3181 2489 3261 8(
2531 3181 2878 3282 praeclara
2902 3176 3158 3255 Vene*

432 3300 700 3395 torum
754 3281 951 3381 gesta
987 3284 1409 3383 comperit,
1448 3284 1585 3383 qui
1624 3285 2014 3365 alacritate
2066 3282 2552 3379 incredibili,
2602 3303 2826 3381 atque
2871 3273 3156 3357 eximia

429 3406 554 3460 rei
610 3382 928 3463 nauticae
980 3382 1376 3485 disciplina
1399 3385 1838 3464 Graecorum
1886 3411 2002 3466 res
2041 3387 2236 3488 apud
2279 3388 2727 3463 Ravennam
2767 3377 3160 3480 primum,

427 3503 625 3563 mox
669 3485 863 3584 apud
891 3491 1291 3565 Anconam
1343 3485 1648 3588 egregie
1698 3486 2101 3587 juverant,
2149 3485 2601 3567 Rivoaltum
2656 3482 2727 3559 se
2781 3474 3159 3559 contulit.

426 3585 561 3666 Ibi
617 3588 986 3666 nascentis
1033 3585 1267 3666 Urbis
1321 3585 1711 3684 novitate,
1763 3588 1838 3668 8(
1891 3587 2316 3669 incolarum
2371 3581 2731 3666 industria
2778 3575 3093 3659 alleEtus
3132 3630 3165 3672 ‚

427 3711 621 3769 cum
675 3687 767 3767 de
820 3688 1124 3768 auxiliis
1170 3688 1509 3789 Augusto
1565 3689 1902 3790 praestitis
1956 3690 2367 3791 magnifico
2435 3687 2629 3791 ipsos
2675 3677 3168 3764 collaudasset

423 3791 783 3871 sermone
820 3846 849 3888 ‚
921 3792 993 3869 se
1048 3789 1156 3870 ibi
1210 3790 1392 3871 duas
1445 3791 1678 3870 sacras
1730 3791 1958 3872 AEdes
2011 3791 2363 3871 Domino
2411 3768 3168 3897 adificaturumfles-

428 3892 713 3994 pondit
752 3948 780 3990 ‚
855 3889 907 3970 fi
959 3894 1262 3994 plenam
1337 3892 1910 3996 absolutamque
1964 3893 2055 3972 de
2108 3894 2547 3974 Gothorum
2621 3885 2862 3989 copiis
2928 3878 3167 3962 νιὲὶο-

432 3992 638 4072 riam
694 3994 966 4073 referre
1018 3994 1487 4098 contigisset.
1543 3994 1789 4075 Vistis
1841 3995 2100 4098 itaque
2156 4023 2361 4094 uno,
2411 4015 2636 4096 atque
2687 3990 2932 4068 altero
2986 4008 3165 4062 con-

436 4091 837 4211 111ἑῖυὲοᾶ
879 4098 1148 4176 Totila
1199 4097 1276 4176 8(
1319 4097 1572 4199 Theja
1611 4098 2054 4179 Gothorum
2088 4097 2433 4201 Regibus
2469 4153 2501 4195 ‚
2552 4115 2778 4194 atque
2828 4087 3170 4189 ipsorum

437 4199 910 4277 exercitibus
960 4201 1051 4276 ad
1109 4197 1716 4280 internecionem
1764 4202 2039 4280 deletis
2079 4256 2108 4298 ‚
2180 4200 2345 4279 voti
2397 4219 2698 4278 memor
2734 4247 2763 4289 ‚
2811 4213 2969 4300 quo
3020 4185 3169 4296 Ve‘5

440 4298 687 4378 netiis
730 4297 1007 4415 degens
1062 4301 1134 4379 se
1188 4299 1738 4398 obstrinxerat,
1788 4302 1971 4382 duas
2023 4301 2108 4380 in
2149 4300 2405 4381 Insula
2426 4292 2772 4379 Rivoalti
2813 4285 3170 4368 aedifican

414 4401 846 4482 ‘mandavit
907 4399 1280 4482 Ecclefias
1327 4425 1535 4484 anno
1587 4426 1756 4504 534.
1804 4427 2133 4519 quarum
2180 4403 2420 4486 altera
2481 4399 2696 4481 Divo
2748 4387 3169 4570 Tffi‘ffr‘?
3218 4548 3223 4552 “
