3934 5359
953 2001 1269 2130 ‘'D‘E
1428 2018 2682 2133 ECCLESIA
2970 2122 2973 2127 .

384 2172 1212 2488 SANCTi
1314 2219 2141 2422 JACOBI
2233 2197 3264 2428 MAJORIS

741 2518 1634 2631 APOSTQL1‚
1704 2521 1887 2606 DE
1957 2517 2894 2608 R1voALT0.

781 2905 952 2959 rum
1006 2882 1263 2960 Deum
1318 2881 1461 2985 sibi*
1506 2881 1920 2983 propitium
1975 2881 2328 2982 agnovit,
2376 2882 2502 2962 cui
2556 2882 2631 2961 8<
2684 2880 2988 2983 angusta
3041 2881 3186 2959 ori·

783 2981 980 3082 ginis
1032 2981 1442 3082 primordia
1478 3037 1505 3080 ‚
1577 2984 1651 3061 8<
1703 2982 2139 3061 admiranda
2191 2983 2667 3083 postmodum
2720 2985 3191 3064 incrementa

781 3082 1006 3162 refert
1059 3105 1407 3186 accepta.
1461 3078 1718 3163 Attila
1768 3084 1978 3163 enim
2015 3092 2398 3162 ‘Unnorum
2422 3093 2665 3185 Rege,
2718 3086 2822 3164 ait
2876 3084 3192 3163 Dandu-

778 3186 893 3263 lus
912 3185 996 3262 in
1016 3185 1417 3264 Chronico
1469 3186 1601 3265 lib.
1625 3211 1699 3264 V.
1754 3210 1908 3287 cap.
1943 3215 2002 3263 1.
2056 3208 2238 3286 part.
2263 3211 2334 3262 x.
2377 3185 2759 3266 Venetiam
2786 3182 3193 3264 invadente

484 3337 541 3381 „
592 3284 1001 3381 primates,
1051 3286 1126 3365 8(
1172 3287 1439 3389 Populi
1478 3288 1814 3366 Urbium
1861 3286 2204 3365 Venetiae
2257 3309 2351 3364 ex
2395 3289 2891 3367 Barbarorum
2939 3287 3192 3365 incur-

489 3436 546 3482 „
597 3384 680 3461 su
732 3385 1145 3484 plurimum
1201 3389 1568 3468 exinaniti
1613 3445 1639 3486 ‚
1686 3391 1763 3467 8<
1814 3387 2166 3466 instantes
2218 3387 2639 3467 invafiones
2710 3387 2913 3464 avidi
2968 3381 3207 3483 decli·-

491 3538 547 3583 ‚‚
600 3509 825 3581 nare,
878 3487 1291 3569 maritimas
1342 3489 1724 3571 Civitates
1765 3543 1791 3585 ‚
1847 3489 1919 3565 8<
1969 3489 2441 3588 receptacula
2489 3487 2763 3593 refugii
2820 3487 3196 3566 construe-

490 3641 544 3685 „
592 3613 677 3665 re
730 3589 1225 3667 decreverunt
1270 3648 1288 3666 .
1365 3593 1622 3671 Primo
1677 3616 2000 3691 namque
2055 3589 2447 3668 Gauianus
2499 3590 2592 3669 de
2646 3591 3033 3682 Fontana‚
3089 3587 3200 3667 Si-

490 3743 545 3786 „
597 3715 825 3770 meon
879 3689 970 3768 de
995 3691 1562 3790 Glauconibu3‚
1613 3693 1689 3772 8<
1741 3690 2120 3771 Antonius
2140 3693 2434 3771 Calvus
2475 3692 2566 3770 de
2589 3689 2965 3770 Limianis
2985 3689 3201 3767 Con-

493 3845 546 3890 „
599 3791 789 3871 sules
846 3791 1136 3871 Patavii
1193 3794 1335 3871 suae
1391 3795 1597 3872 urbis
1635 3847 1660 3886 ‚
1737 3818 1887 3869 non
1942 3793 2429 3872 immemores
2502 3789 2981 3887 invafionis'‚
3051 3788 3202 3869 hoc

436 3971 447 3989 ,
494 3945 548 3990 ‚‚
599 3895 951 3992 perficere
1007 3894 1410 3976 statuentes
1462 3897 1554 3975 ad
1607 3891 1992 3973 maritima
2044 3914 2600 3995 pervenerunt,
2651 3894 2726 3973 8<
2778 3893 2977 3973 circa
3017 3890 3206 3970 ostia

499 4048 554 4088 „
607 3994 939 4075 fluminis
991 3998 1242 4075 Realti
1304 3998 1635 4076 Insulam
1713 3996 1863 4075 five
1919 3998 2265 4076 tumbam
2339 3997 2432 4074 ad
2505 4023 2695 4098 opus
2751 3994 3234 4083 meditatum,

459 4145 558 4189 -‚‚
607 4094 775 4173 satis
830 4097 1165 4175 habilem
1241 4100 1607 4198 eligentes
1680 4125 1881 4179 anno
1934 4098 2262 4177 Domini
2313 4100 2498 4198 421.
2573 4098 2695 4177 die
2753 4126 2871 4200 25.
2933 4092 3210 4173 Martii

503 4247 560 4290 „
613 4193 849 4274 felicis
920 4199 1151 4277 Urbis
1205 4200 1545 4278 Rivoalti
1623 4227 1820 4281 nova
1894 4201 2387 4280 fundamenta
2438 4198 2808 4298 §abiaram
2857 4257 2875 4275 .
2930 4196 3214 4275 Decre-

463 4348 561 4393 .„
614 4314 927 4394 tumque
981 4299 1129 4394 est,
1186 4300 1752 4401 utquieumque
1806 4301 2066 4402 operi,
2119 4304 2245 4381 vel
2299 4301 2666 4380 exercitio
2689 4299 2943 4379 navali
2997 4294 3212 4374 utilis

505 4451 563 4493 „
615 4395 1009 4491 existeret,
1064 4398 1115 4475 fi
1168 4401 1250 4479 in
1308 4401 1448 4480 hac
1473 4403 1683 4480 Urbe
1712 4402 2264 4481 habitationem
2292 4402 2653 4499 eligeret,
2703 4395 3219 4477 immunitati-

504 4552 563 4595 „
615 4500 750 4577 bus
801 4498 1217 4598 gauderet,
1262 4500 1594 4601 exceptis
1649 4501 1878 4594 servis
1930 4501 2006 4579 8<
2060 4502 2542 4602 proditione,
2590 4503 2666 4580 8<
2721 4498 3031 4579 falsitate
3087 4495 3215 4574 da-

706 4607 921 4679 Tom.
974 4608 1115 4678 III.
1674 4618 1678 4623 ’
2132 4602 2285 4680 Dd
2803 4652 2857 4695 „
2903 4619 3108 4677 mna-

441 2756 912 3169 'SUB
960 2774 1116 2879 ipsa
1168 2776 1402 2858 ferme
1475 2778 1619 2858 suae
1672 2778 2138 2859 fundationis
2209 2779 2516 2860 exordia
2565 2781 2769 2861 Urbs
2825 2777 3184 2859 venetia.
