3934 5359
915 448 1037 531 3‘4
1364 425 1525 510 De
1591 425 2140 516 Echt-:stn
2207 427 2903 522 Pinnem-im

801 576 889 656 ni
944 578 1318 662 virtutum
1340 555 1640 677 genere
1691 571 2176 662 clariffimum
2232 579 2323 662 ad
2388 579 2971 666 patriarchalem
3041 580 3497 666 (indensem

792 679 1068 773 Sedent
1120 703 1564 779 promovere
1616 678 2096 780 dignaretur.
2147 683 2421 764 Fuerat
2473 681 2606 762 ilie
2661 679 3096 781 iampridem
3122 681 3214 766 ad
3251 682 3494 802 supre-

634 779 645 784 ’
734 821 759 864 ,ἡ
792 799 1012 870 mum
1066 779 1489 880 Religionis
1554 780 2083 881 Magistratum
2138 779 2438 862 evefius
2489 808 2690 864 anno
2743 788 2948 883 1384.
3004 781 3083 859 in
3124 781 3493 866 Comitirs

740 943 745 952 .
792 872 1294 974 Geni-,talibus
1346 880 1656 964 Ordinis
1704 883 2103 998 Strigoniae
2139 883 2482 981 habitis,
2534 905 2716 964 mox
2766 887 2869 964 ob
2912 883 3278 968 eximiam
3325 906 3494 986 pnr-

794 977 1180 1078 dentiam,
1215 1008 1362 1083 qua
1416 983 1496 1064 in
1549 1008 1635 1066 ea
1689 983 2062 1083 dignitate
2114 984 2385 1084 pofitus
2433 985 2932 1084 excelluerat,
2964 984 3318 1071 Comitia
3366 1010 3490 1087 ge

801 1083 1088 1186 neraiia
1139 1084 1657 1166 Forocornelii
1729 1106 2184 1184 congregata
2234 1084 2476 1185 ipsum
2552 1086 2635 1168 in
2688 1113 2918 1169 onere
2967 1086 3415 1170 confirmare
3460 1141 3486 1184 ,

798 1185 929 1264 seu
968 1183 1220 1284 potius
1240 1184 1540 1266 noviter
1583 1181 1860 1284 eligere
1883 1186 2374 1267 decreverunt
2424 1186 2548 1268 die
2573 1210 2765 1266 xvn.
2795 1189 2992 1271 Maii
3041 1214 3250 1270 anno
3282 1195 3500 1287 1387.-

796 1286 1215 1388 Eapropter
1268 1285 1615 1368 Pontifex
1689 1284 1974 1366 veritus
2046 1311 2144 1366 ne
2195 1289 2298 1365 ob
2365 1287 2522 1386 ejus
2595 1289 3168 1389 assumptionem
3222 1290 3496 1374 damna

794 1388 1015 1480 Ordo
1049 1385 1639 1484 Augustinianus
1691 1406 2115 1486 pateretur,
2169 1409 2429 1489 utpote
2471 1390 2602 1490 qui
2658 1414 2783 1489 per
2838 1392 3154 1488 longum
3200 1410 3497 1490 tempus

796 1490 1079 1590 absque
1118 1486 1476 1568 Generali
1527 1507 1969 1585 vacaverat,
2015 1489 2257 1568 alium
2309 1515 2406 1571 ex
2456 1491 2722 1576 eodem
2766 1489 3338 1572 Heremitarum
3358 1494 3500 1572 Or*

797 1588 973 1670 dine
1011 1587 1307 1684 Virum,
1344 1586 1481 1668 fibi
1532 1588 2124 1689 acceptiffimum
2176 1615 2270 1673 ex
2337 1593 2764 1674 Tarentino
2825 1590 3501 1691 Arcbiepiscopatu

797 1690 890 1770 ad
933 1687 1390 1771 Gradensem
1430 1689 1846 1772 Ecclefiam
1898 1693 2328 1791 promovit.
2382 1694 2566 1782 Haec
2619 1719 2784 1805 quai
2822 1693 3245 1794 'sequuntur
3298 1691 3500 1773 inter

800 1790 1105 1872 schedas
1149 1789 1675 1872 Patriarchalis
1718 1792 2071 1874 Archivii
2110 1796 2600 1873 affervantur.
3110 1833 3114 1838 «
3335 1859 3343 1866 .

676 1913 683 1920 “
901 1947 955 1989 „
1009 1890 1243 1974 Didia
1277 1893 1411 1972 Ser
1451 1891 1878 1974 Gullielmo
1918 1894 2011 1972 de
2053 1894 2444 1990 Clarutis,
2493 1896 2565 1975 8<
2620 1897 3057 1976 Defiderato
3075 1893 3318 1976 Lucio
3369 1917 3502 1995 per

791 2045 850 2091 „
904 1993 1426 2092 Apostolicum
1468 1992 1889 2073 Millefirno
1914 1994 2432 2077 trecentesimo
2474 1996 2975 2100 oauagefimo
3016 1997 3335 2098 septimo
3377 1998 3499 2075 ln·

800 2146 857 2190 ‚,
909 2093 1234 2175 dictione
1289 2093 1619 2176 decima.

904 2248 959 2291 „
1012 2196 1366 2311 Summus
1391 2196 1737 2275 Pontifex
1778 2197 1996 2301 super
2035 2197 2229 2280 fae'to
2273 2201 2769 2302 promovendi
2791 2198 3332 2281 Reverendum
3369 2195 3504 2315 fra-

771 2315 854 2393 *„
904 2316 1103 2378 trem
1153 2297 1550 2380 dommum
1598 2297 2225 2381 Bartholomeum
2267 2306 2721 2386 Generalem
2785 2303 3096 2383 Ordinis
3148 2302 3498 2381 Heremi-

797 2443 851 2491 „
906 2417 1158 2475 tarum
1200 2399 1270 2477 S.
1306 2398 1718 2498 Augustini
1758 2401 1851 2479 ad
1898 2402 2497 2485 patriarchatum
2519 2406 3024 2500 Gradensern,
3073 2404 3197 2481 vel
3222 2403 3314 2481 de
3339 2409 3500 2503 pro2

793 2551 850 2595 ‚,
903 2497 1225 2580 videndo
1277 2499 1369 2580 de
1421 2499 1623 2582 dieto
1688 2502 2208 2584 Patriarchatu
2259 2505 2396 2586 uni
2446 2505 2603 2588 civi
2667 2508 2969 2587 Veneto
3009 2559 3035 2599 ,
3083 2504 3189 2582 ⁴in
3263 2504 3432 2584 casu
3473 2554 3504 2596 ,

800 2649 856 2696 „
908 2624 1065 2704 quo
1115 2626 1269 2682 non
1321 2600 1757 2702 dignaretur
1794 2601 2161 2686 Sanfi'tita's
2233 2608 2361 2686 fua
2434 2632 2882 2709 promovere
2933 2603 3221 2684 dietum
3259 2606 3504 2688 Gen&

794 2751 852 2798 ,‚
905 2702 1181 2782 ralern.
1234 2702 1646 2805 Respondit
1697 2702 1810 2782 ser
1851 2705 2326 2803 Guilielmo,
2377 2708 2454 2788 8<
2504 2708 2703 2787 mihi
2755 2707 3242 2803 Defiderato,
3295 2702 3504 2806 quod

799 2851 856 2903 „
905 2803 1120 2884 causa
1159 2857 1189 2902 ‚
1237 2822 1543 2906 propter
1600 2828 1828 2907 quarn
1884 2832 2044 2886 non
2098 2830 2577 2908 promoverat
2619 2810 3070 2889 Generaletn
3126 2827 3284 2887 erat
3337 2831 3500 2906 pro÷

796 2953 859 2999 ‚,
890 2913 1074 3004 ‘pter
1124 2903 1551 2995 novitatem
1604 2907 2109 3007 promotionis
2178 2910 2323 2990 sua
2375 2910 2467 2988 ad
2520 2908 2972 3009 dignitatem
3015 2905 3505 3018 Magistratus

792 3041 863 3110 ·„
912 3004 1153 3083 totius
1190 3004 1551 3101 Ordinis,
1598 3030 1904 3108 propter
1952 3033 2184 3110 quam
2236 3009 2533 3089 dicebat
2572 3064 2598 3104 ,
2727 3010 2876 3088 uod
2931 3008 2982 3086 s1
3034 3008 3142 3086 ita
3193 3024 3502 3086 noviter

796 3157 857 3201 „
907 3103 1386 3205 promovisset
1440 3107 1717 3204 illum,
1765 3111 2163 3208 turbasset,
2215 3110 2289 3189 8<
2342 3107 2650 3191 cornovi
2706 3130 2781 3189 et
2825 3107 3023 3189 §aaa
3076 3106 3310 3185 totius
3353 3107 3496 3184 Or·

798 3256 859 3304 ‚,
908 3205 1108 3284 dinis
1146 3260 1176 3305 ,
1296 3205 1377 3287 ui
1429 3230 1824 3290 vacaverat
1877 3235 2008 3313 per
2058 3211 2382 3313 longum
2431 3233 2728 3312 tempus
2777 3214 3055 3310 absque
3095 3205 3501 3288 Generali.

798 3357 856 3406 ‚,
912 3307 1033 3388 Ad
1082 3309 1250 3388 clau
1288 3308 1492 3387 ulam
1520 3330 1848 3407 autem,
1898 3337 2066 3413 quae
2115 3312 2265 3409 est,
2314 3314 2520 3415 quod
2561 3313 2646 3392 in
2682 3314 2903 3409 casu,
2950 3335 3105 3411 quo
3143 3333 3300 3388 non
3343 3332 3507 3421 prof
3552 3375 3564 3386 ,

798 3460 863 3506 „
908 3427 1249 3490 moveret
1303 3406 1545 3590 idpsum
1609 3415 2137 3512 Generalem,
2207 3415 2641 3515 dignaretur
2695 3411 3088 3514 providere
3164 3409 3298 3490 uni
3349 3408 3506 3488 civi

799 3560 856 3605 „
909 3512 1261 3607 Venet0,
1364 3510 1661 3611 icebat,
1711 3516 1914 3616 quod
1966 3515 2345 3596 diceretur
2387 3516 2819 3614 Dominio,
2870 3515 3074 3617 quod
3124 3538 3284 3596 non
3339 3535 3502 3610 pm·

791 3659 851 3706 ‚,
903 3608 1196 3689 videret
1242 3610 1339 3693 de
1390 3612 1585 3691 dista
1639 3614 2009 3715 dignitate
2051 3671 2078 3713 ,
2130 3616 2263 3696 nifi
2317 3617 2647 3719 personae
2687 3672 2716 3714 ,
2786 3615 3176 3720 quae'1esset
3227 3631 3436 3712 grata
3477 3665 3505 3707 ‚

774 3733 846 3808 5,
897 3708 1323 3825 &accepta
1345 3713 1927 3828 Dominationi.
1984 3718 2209 3797 Dixit
2262 3717 2494 3798 etiam
2550 3718 2632 3798 in
2683 3713 3206 3829 generalis-ut
3238 3712 3503 3829 retulit

791 3861 847 3909 „
900 3831 1130 3890 ettam
1179 3813 1564 3896 Dominus
1607 3819 2042 3902 Franciscus
2095 3821 2185 3899 de
2237 3820 2720 3922 LancenigO,
2769 3819 2975 3919 quod
3026 3817 3168 3895 filu
3220 3816 3333 3892 sur
3388 3817 3536 3903 be·,

802 3965 859 4009 „
908 3911 1238 4010 aedisti,
1286 3915 1626 4014 scilicet,
1675 3921 1879 4019 quod
1932 3920 2258 4000 Inclitus
2309 3922 2696 4002 Dominus
2749 3920 2995 3997 noster
3035 3973 3063 4013 ,
3113 3918 3187 3995 8<
3231 3915 3505 3995 Domi·

798 4065 857 4111 „
907 4013 1118 4093 natio
1171 4017 1296 4095 sua
1349 4016 1725 4098 faciebant
1780 4020 1983 4120 exigi
2029 4019 2352 4114 fruetus,
2408 4020 2839 4102 &redditus
2861 4017 3210 4100 Ecclefiae
3233 4020 3306 4096 S.
3333 4018 3517 4095 Bar:

705 4115 714 4123 ’
796 4165 858 4216 „
904 4113 1324 4212 tholomei.
1378 4118 1481 4196 Et
1531 4120 1737 4221 quod
1789 4120 2327 4200 mandaverant
2380 4120 2534 4223 ipsa
2584 4121 3106 4201 emolumenta
3153 4119 3511 4221 dispensa·

800 4270 855 4313 ‚,
907 4214 1023 4313 ri,
1071 4216 1146 4296 8(
1196 4216 1539 4298 distribui
1594 4219 1677 4298 in
1715 4220 2245 4302 rae'dificatione
2289 4222 2636 4302 Ecclefiae
2691 4222 3131 4324 praelibatae.
3186 4224 3285 4300 Et
3306 4219 3511 4321 quod

1423 4315 1434 4328 δ

799 4369 857 4414 ,‚
910 4316 1600 4502 gugustnrfididpium
1657 4347 1845 4423 opus
1894 4343 2054 4403 erat
2105 4320 2241 4402 fibi
2292 4344 2731 4432 acceptum,
2781 4324 2858 4404 8<
2896 4325 3310 4428 plurimum
3353 4322 3511 4398 lau-

806 4467 864 4514 „
1057 4444 1098 4500 a
1186 4445 1211 4500 1
1280 4445 1326 4499 u
1401 4449 1419 4499 ;
2585 4455 2592 4458 „

3147 4527 3408 4607 Petrus
