3934 5359
976 418 1193 500 334,
1363 470 1371 479 .
1451 387 1608 485 DE
1671 388 2210 473 ECCLESIA
2275 388 3026 483 PARocffl-amf

830 536 1326 620 enarrationis
1380 537 1550 617 usus
1602 535 1704 614 est
1744 535 1915 633 ‚ad
1966 535 2382 629 ornandam
2435 539 2514 619 &
2559 536 3088 621 occultandam
3161 532 3540 617 mendacii

830 639 1443 743 improbitatem.
1518 639 1703 717 Non
1779 655 2036 715 tamen
2090 636 2295 718 viros
2348 638 2643 720 fincerae
2711 638 3051 718 veritatis
3124 661 3553 734 amatoreS,

828 764 1052 843 atque
1102 738 1288 819 vitae
1340 735 1801 833 innocentia,
1852 739 1928 817 ἃ
1979 763 2282 818 morum
2337 741 2721 823 sanstitate
2763 739 3228 821 venerabiles
3264 736 3536 819 fefellit

828 843 1072 936 astus3
1124 839 1553 944 quinimmo
1608 865 1789 941 pura
1840 841 1935 918 ab
1989 837 2351 940 impuris,
2404 853 2586 922 vera
2633 871 2677 921 a
2729 841 2918 923 fallis
2972 841 3354 941 seligendo
3407 866 3540 921 ve·

828 968 992 1025 ram
1037 940 1483 1023 Sancliffimi
1526 941 1934 1038 Eremitae‚
1986 941 2060 1020 8<
2088 943 2320 1022 Patris
2366 945 2936 1025 translationem
2980 943 3111 1022 fibi
3134 945 3539 1044 quotannis

828 1045 1341 1141 recitandam,
1392 1045 1467 1123 8<
1521 1044 2022 1123 venerandam
2077 1047 2620 1146 proposuerunt
2675 1045 2871 1125 nihil
2927 1046 3017 1123 de
3071 1044 3318 1125 fallaci
3361 1074 3540 1126 ano·

829 1147 1053 1247 nymi
1106 1166 1548 1226 commento
1600 1145 2135 1240 admittentes3
2185 1149 2387 1247 quod
2440 1149 2488 1226 fi
2519 1148 2925 1248 aliquando
2965 1167 3049 1225 ut
3091 1146 3312 1224 refert
3361 1149 3536 1227 For·

831 1267 1144 1345 tunatus
1207 1249 1485 1327 Ulmus
1544 1249 1800 1326 Abbas
1862 1247 2311 1331 Cassinenfis
2365 1248 2448 1327 in
2506 1251 2704 1328 notis
2758 1250 2848 1329 ad
2903 1249 3137 1326 vitam
3191 1250 3264 1327 S.
3322 1248 3537 1329 Pauli

826 1348 1058 1450 primi
1112 1348 1471 1431 Eremitae
1528 1349 1728 1449 typis
1781 1347 1979 1427 edita
2022 1375 2226 1428 anno
2280 1357 2484 1433 1668.
2530 1350 2984 1451 Hungaricae
3029 1349 3542 1430 translationis

823 1450 1198 1531 memoria
1268 1449 1352 1528 in
1402 1451 1783 1550 quoddam
1843 1450 2315 1531 Breviarium
2380 1479 2584 1533 anno
2649 1480 2858 1552 1540.
2932 1450 3133 1552 typis
3183 1452 3476 1530 editum
3515 1505 3548 1549 ,

830 1551 1259 1654 improvide
1312 1550 1647 1652 irrepsit,
1702 1551 1901 1630 haud
1954 1554 2206 1631 multo
2258 1552 2422 1655 post
2472 1554 2674 1634 idem
2727 1552 3199 1635 Breviarium
3232 1607 3259 1647 ‚
3302 1574 3387 1632 ut
3441 1575 3541 1630 te·

833 1652 1063 1733 statur
1139 1654 1313 1733 loco
1365 1651 1605 1733 citato
1672 1651 1873 1733 idem
1931 1655 2391 1737 Fortunatus
2444 1658 2722 1736 Ulmus
2775 1654 3033 1734 vetitis
3086 1653 3299 1732 libris
3343 1657 3545 1754 Apo·

832 1753 1108 1834 stolicae
1160 1753 1369 1834 Sedis
1420 1754 1885 1847 authoritate
1930 1756 2510 1837 adnumeratum
2551 1757 2738 1837 suit.
2791 1755 3188 1838 Leffiones
3239 1779 3334 1834 ex
3387 1755 3542 1855 ipso

824 1854 1255 1957 Religionis
1307 1857 1379 1935 S.
1425 1856 1643 1937 Pauli
1684 1857 1989 1938 Libello
2030 1859 2504 1961 depromptas
2558 1859 3008 1959 exhibemus
3047 1911 3075 1953 ,
3124 1883 3305 1958 quas
3360 1854 3541 1958 post-

838 1959 1151 2037 modum
1207 1984 1406 2038 anno
1460 1966 1667 2060 1698.
1735 1959 1809 2038 S.
1863 1959 2192 2039 Rituum
2245 1964 2342 2045 C.
2407 1962 2500 2041 ad
2556 1961 2882 2041 Clerum
2932 1984 3231 2062 quoque
3287 1959 3545 2039 Eccle-

836 2057 951 2139 fiae
995 2061 1066 2139 S.
1102 2060 1390 2163 Juliani
1434 2060 1937 2143 Venetiarum
1980 2063 2288 2143 extendi
2343 2062 2721 2143 decrevit.

829 2323 884 2370 „
942 2266 1103 2351 Die
1160 2270 1375 2350 XIV.
1440 2265 1931 2353 Novembris.
1996 2274 2090 2354 In
2152 2212 2705 2355 Transletione
2770 2268 3039 2351 Samffi
3096 2262 3339 2351 Pauli
3389 2270 3541 2347 Pa.

842 2442 899 2489 >²
1380 2389 1529 2470 tris
1586 2387 1817 2498 nostri
1879 2391 2144 2473 Prima·
2206 2390 2574 2476 Eremitae
2633 2383 2985 2506 Duplex.

840 2637 897 2683 ‚‚
1132 2656 1143 2665 ,
1700 2594 1822 2672 ΙΝ
1877 2616 1969 2674 11.
2023 2595 2692 2675 Noc‘ruimo.

1130 2860 1177 2905 x
1582 2777 1682 2883 ⁸L
1767 2778 1841 2858 E
1924 2781 2003 2861 C
2084 2779 2172 2860 T
2249 2778 2289 2858 I
2377 2780 2460 2862 O
2579 2782 2620 2859 Ι
2690 2778 2794 2856 V.

838 2824 897 2891 υ,

832 3018 886 3065 ,,
940 2968 1381 3157 PLt-:Nus
1431 2974 1833 3059 dulcedine
1868 3026 1905 3077 ‚
1972 2979 2049 3059 8<
2100 2981 2392 3083 semper
2460 2975 2831 3059 ineffabili
2902 2974 3217 3056 affluens
3267 2973 3556 3078 pietate.

834 3121 888 3165 2,
1140 3074 1384 3156 Patris
1435 3079 1693 3159 aeterni
1745 3080 1949 3160 filius
2001 3082 2392 3185 Dominus
2440 3081 2648 3181 Jesus
2697 3077 3048 3160 Christus
3087 3132 3116 3174 ‚
3187 3076 3312 3178 qui
3364 3096 3546 3174 erga

829 3222 886 3266 ‚‚
936 3170 1149 3285 suam
1200 3176 1525 3258 sanstam
1580 3182 1995 3263 Ecclesiam
2048 3183 2544 3263 Catholicam
2593 3182 2695 3261 fic
2748 3182 2892 3260 suae
2939 3179 3344 3259 continuat
3409 3176 3556 3290 be·-

766 3283 771 3288 ’
826 3320 882 3368 ω
933 3274 1335 3374 nignitatis
1383 3279 1786 3381 affe&um‚
1837 3283 1936 3367 fic
1991 3286 2135 3364 suae
2189 3283 2696 3387 promotionis
2715 3280 3176 3383 multiplicat
3217 3276 3552 3370 auxilia,

828 3426 884 3471 υ
933 3392 1022 3452 ut
1072 3396 1301 3477 quam
1354 3382 1468 3460 sui
1540 3385 2008 3467 commercio
2076 3386 2460 3489 sanguinis
2531 3383 2924 3486 acquisivit
2961 3438 2990 3480 ‚
3042 3379 3547 3461 indesinenter

827 3528 884 3574 „
935 3474 1353 3578 custodiat,
1403 3483 1631 3587 idque
1683 3491 2130 3569 non'solum
2186 3516 2316 3589 per
2354 3488 2697 3589 Angelos
2748 3486 2832 3569 in
2881 3481 3393 3563 ministerium
3428 3478 3560 3597 de-

829 3630 883 3674 ‚‚
938 3597 1289 3697 putatos,
1344 3584 1467 3666 sed
1518 3587 1753 3669 etiam
1808 3616 1941 3691 per
1983 3589 2292 3671 Sanclos
2333 3645 2362 3687 .‚
2412 3613 2605 3691 quos
2656 3587 2862 3669 coelo
2910 3585 3182 3686 dignos
3231 3580 3486 3698 effecit
3529 3628 3560 3674 ‚

830 3732 884 3774 ‚‚
938 3700 1022 3757 ut
1076 3708 1158 3761 m
1213 3685 1435 3784 hujus
1489 3691 1757 3773 mundi
1809 3691 2094 3787 exilio,
2149 3692 2248 3773 fic
2302 3694 2588 3771 vallato
2637 3687 3074 3769 discrimine
3122 3683 3558 3798 positi-‚ac-

828 3832 886 3877 ‚‚
937 3785 1345 3899 cumulatis
1418 3790 1729 3871 Divinae
1789 3793 2252 3877 Clementiae
2320 3790 2710 3875 beneficiis
2749 3846 2778 3888 ‚
2849 3789 3182 3891 supernae
3251 3785 3557 3901 mihtlae

830 3932 886 3977 „
936 3881 1325 3983 duplicato
1373 3889 1817 3973 fulciremur
1867 3895 2244 3996 praesidio:
2297 3916 2794 3997 praeterquam
2834 3891 3040 3993 quod
3088 3884 3564 4004 gravissimo-

826 4035 888 4079 „
936 4005 1126 4067 rum·
1160 3989 1507 4105 yirorum
1556 3994 1893 4096 regimur
1944 3995 2474 4096 providentia,
2521 3996 2655 4099 qui
2692 3990 3175 4097 egregie-fibi
3224 3986 3559 4068 servien-

833 4135 890 4181 „
939 4101 1051 4167 tes
1105 4090 1307 4173 bmis
1357 4118 1628 4185 ornare
1676 4096 1921 4185 solent
1960 4096 2429 4182 honoribus.
2484 4101 2618 4197 ’[ιι
2656 4118 2942 4182 autem.

3167 4493 3436 4579 Lec'tio
