3934 5359
807 2005 1077 2038 .,,
1223 1964 1280 2031 ·.
1570 1902 2074 2027 „132st

617 2197 640 2206 „
711 2074 2828 2317 ORPHA‘N‘ODOCHIO

304 2445 408 2553 s..
479 2391 1082 2545 MAmAE
1176 2410 1830 2541 VlRGlNIS
1914 2400 3130 2539 DERELlcTORUM
3194 2346 3213 2529 s

617 2758 624 2765 ,
709 2665 1095 2746 XTREMIS
1147 2663 1704 2744 calamitatibus
1746 2716 1771 2757 ‚
1824 2662 1897 2741 8<
1948 2686 2268 2741 annonae
2322 2666 2635 2747 caritate
2687 2656 2912 2745 adeos
2943 2662 3110 2742 infi-

817 2768 930 2847 nis
982 2765 1125 2843 fuit
1178 2790 1421 2843 annus
1477 2767 1886 2844 MDxxvn.
1944 2784 2027 2840 ut
2084 2790 2314 2842 nemo
2365 2770 2552 2847 adeo
2607 2791 2914 2863 gravem
2972 2764 3111 2843 soli

795 2864 1278 2963 acuitatem,
1330 2891 1470 2949 nec
1517 2886 1813 2956 ‚tantam
1867 2870 2382 2968 comparandae
2437 2865 2667 2968 frugis
2711 2865 3108 2944 difficulta-

766 2992 924 3049 tem
974 2969 1047 3047 se
1080 3022 1106 3063 ‚
1155 2990 1283 3047 aut
1306 2966 1548 3047 oculis
1575 2966 1871 3062 vidisse,
1922 2988 2052 3044 aut
2106 2970 2344 3048 relatu
2399 2967 2749 3069 accepisse
2777 2968 3108 3047 recorda·

759 3093 1007 3151 retur.
1057 3072 1195 3146 Per
1241 3068 1599 3184 hyemem
1625 3068 1991 3168 praecipue
2039 3090 2246 3147 tanta
2270 3071 2376 3150 rei
2418 3067 3108 3150 frumentariaeino·
3211 3101 3263 3129 »-

401 3169 529 3271 pia
572 3197 836 3251 omnes
859 3171 1009 3250 fere
1033 3169 1439 3270 Cisalpmae
1460 3170 1730 3248 Galliae
1760 3173 1980 3249 urbes
2022 3169 2313 3251 affliffiae
2335 3172 2639 3265 suerunt
2665 3225 2690 3265 ‚
2729 3192 2811 3247 ut
2852 3166 3110 3270 passim

397 3295 542 3373 per.
579 3272 909 3374 compita
938 3326 964 3368 ‚
1016 3271 1088 3348 8<
1114 3270 1322 3349 vicos
1362 3296 1717 3370 pauperes
1753 3270 2073 3366 jacentes
2096 3271 2290 3352 fame
2315 3272 2637 3353 confeffl
2662 3266 3112 3369 deplorabili

402 3370 641 3451 modo
693 3371 1138 3452 deficerent.
1192 3371 1577 3450 Extremis
1632 3370 1833 3449 hisce
1888 3372 2286 3469 aerumnis,
2339 3401 2523 3474 quas
2575 3396 2669 3449 ex
2722 3367 2943 3447 certis
2999 3364 3112 3442 in-

404 3471 627 3551 diciis
682 3474 1252 3573 prospexerant,
1308 3493 1388 3549 ut
1443 3469 1717 3565 omni,
1768 3496 1915 3570 qua
1971 3470 2073 3550 fas
2126 3495 2282 3551 erat
2326 3529 2351 3569 ‚
2424 3498 2567 3573 ope
2620 3467 3110 3548 subvenirent

402 3575 727 3652 Venetae
779 3600 1098 3651 annonae
1144 3570 1473 3655 Praefeeti
1519 3574 1806 3672 segetes
1859 3595 1955 3647 ex
2010 3574 2410 3652 maritimis
2457 3566 2892 3670 longinquis
2946 3592 3114 3667 pro·

403 3674 685 3776 vinciis
740 3673 1187 3775 conquisitas
1241 3698 1369 3773 per
1420 3671 1797 3755 onerarias
1851 3696 2081 3754 naves
2136 3674 2506 3775 deportari
2553 3668 2914 3751 Venetias
2969 3665 3105 3766 jus-

391 3775 703 3865 serunt.
760 3777 983 3874 Cum,
1049 3800 1229 3852 vero
1305 3799 1398 3853 ex
1450 3774 1795 3864 finitimis
1870 3773 2310 3859 civitatibus
2390 3772 2580 3853 mira
2655 3766 3113 3886 populorum

402 3876 826 3979 multitudo
881 3876 1242 3972 Venetias
1294 3877 1794 3969 adventasset,
1846 3878 2292 3978 consumpta
2346 3875 2558 3956 brevi
2614 3874 2908 3950 dierum
2963 3869 3113 3969 spa-

403 3978 523 4057 tio
577 4002 825 4080 parata
878 3984 1182 4058 annona
1233 3978 1444 4079 gravi
1501 3979 1689 4057 adeo
1717 3978 1933 4068 Urbs
1979 3979 2297 4061 caritate
2333 3975 2760 4068 laboravit,
2813 3992 2897 4051 ut
2945 3993 3115 4071 pau-

408 4104 675 4186 perum
727 4105 987 4182 greges
1041 4079 1475 4158 fastidientis
1533 4079 1895 4160 stomachi
1951 4081 2297 4160 nauseam
2356 4106 2498 4182 prae
2583 4075 2798 4155 famis
2850 4067 3133 4182 atroek,

414 4201 572 4257 tate
626 4180 702 4257 su
808 4203 1106 4276 rantes,
1141 4180 1530 4275 sordidos,
1584 4202 2114 4282 putrentesque
2166 4184 2377 4263 cibos
2431 4182 2874 4258 devorarent
2919 4225 2944 4265 ‚
2998 4194 3114 4246 us·

416 4306 565 4383 que
617 4272 708 4358 de
768 4281 1148 4359 cientibus
1202 4279 1554 4369 horribili
1609 4279 1878 4369 inediae
1923 4285 2094 4367 tabe
2139 4285 2751 4362 absumerentur.
2807 4273 2925 4349 Eo
2969 4268 3114 4368 spe·

408 4381 674 4477 taculo
720 4381 1110 4483 commoti,
1139 4379 1500 4478 nonnulli
1541 4379 1662 4478 pii
1717 4380 1864 4458 viri
1906 4434 1933 4476 ‚
2003 4405 2192 4480 quos
2239 4382 2440 4467 inter
2491 4371 2932 4483 recolendae·
2963 4392 3116 4466 me-

1159 4494 1172 4506 ·
2744 4495 3005 4550 mona:
