3934 5359
1798 259 2316 448 xa(rv.)

766 491 1102 604 dietam,
1145 492 1491 581 caedibus
1531 495 1614 579 δε
1653 493 2047 582 incendiis
2078 490 2482 579 vastatam
2508 547 2537 597 ,
2578 491 2940 606 antiquis
2984 518 3462 608 monumen-3

765 625 879 720 tis
939 625 1285 740 potiori*
1315 654 1416 710 ex
1456 625 1717 740 'parte
1789 613 2244 742 spoliarunt
2285 680 2314 730 ,
2381 649 2529 712 nec
2597 621 3024 739 scriptores
3057 681 3072 700 -
3110 622 3255 710 nis»
3323 651 3454 707 ru-

767 749 978 863 des,
1045 759 1125 842 8<
1191 756 1560 872 partium
1646 753 1902 843 studio
1950 754 2421 856 ff-infinoeros
2465 752 2938 840 -dederuntt
3005 756 3200 869 ,Qui
3290 754 3453 868 pri-
3561 747 3582 758 “

763 912 1031 969 mum·
1072 887 1392 974 litteras
1434 915 1889 994 revocare,
1957 889 2037 971 8<
2078 882 2500 972 historiam
2539 886 2847 1004 erigere
2889 888 3166 971 conati
3213 885 3452 993 sunt,

765 1016 906 1100 vel
973 1020 1407 1102 nominum
1473 1018 2050 1122 similitudine,
2123 1017 2259 1100 vel
2318 1044 2593 1103 rerum
2632 1018 3077 1122 affinitate,
3151 1018 3230 1100 8(
3268 1045 3455 1100 con·

760 1142 1119 1231 senfione
1206 1146 1407 1260 saepe
1476 1131 1821 1272 decepti
1870 1135 2289 1258 Authores
2356 1147 2836 1232 authoribus
2876 1207 2904 1253 ‚
2991 1150 3068 1233 δε
3136 1176 3260 1231 res
3330 1174 3451 1230 re·

762 1273 915 1359 bus
978 1275 1430 1362 identidem
1502 1300 2177 1385 commutarunt,
2248 1303 2398 1361 nec
2466 1276 2660 1362 satis
2689 1303 3073 1363 accurate
3133 1300 3450 1391 tempo

764 1433 861 1493 ra
894 1405 1492 1524 designarunt,
1560 1419 1710 1494 nec
1779 1423 2015 1493 veras
2082 1403 2535 1496 eventuum
2626 1404 2896 1493 causas
2966 1408 3376 1524 attingere
3421 1466 3449 1516 ,

763 1560 911 1621 aut
974 1537 1621 1625 circumstantias
1688 1540 2069 1656 prosequi
2135 1565 2646 1656 potuerunt.
2736 1542 2866 1623 Eo
2947 1538 3203 1624 etiam
3272 1535 3450 1652 qui-

766 1664 963 1750 dam
1029 1667 1538 1757 devenerunt
1578 1729 1607 1780 ,
1694 1695 1786 1756 ut
1814 1689 1949 1757 Tne·
1938 1673 2316 1768 lacunas
2347 1697 2688 1786 propter
2711 1694 3439 1755 monumentorum

761 1795 1171 1890 defeRum
1238 1804 1912 1917 interponerent,
1979 1827 2084 1886 ex
2150 1801 2556 1887 levissimis
2629 1800 3108 1912 eonjeauris
3149 1859 3176 1906 ,
3243 1827 3445 1913 quas

767 1929 1010 2015 avide
1079 1934 1584 2047 captabant,
1651 1934 1921 2018 multa
1986 1959 2088 2017 ex
2153 1932 2498 2019 arbitrio
2535 1933 2644 2015 ’ὃς
2687 1926 3157 2050 magnificas
3225 1928 3453 2014 fabu-

766 2058 884 2148 las
953 2063 1388 2176 populares
1454 2063 1538 2148 in
1608 2064 2273 2179 supplementum
2342 2062 2841 2150 addiderint.
2919 2059 3447 2174 Deplorabili

758 2188 985 2316 huic·
1018 2191 1365 2280 historiae
1435 2181 1608 2280 fato
1674 2218 2192 2282 occurrentes
2231 2196 2534 2298 Critici
2595 2191 3091 2280 recentiores
3133 2190 3232 2296 de
3305 2217 3443 2274 an-

756 2322 1009 2434 tiquis
1082 2327 1638 2412 monumentis
1703 2326 2143 2444 diligenter
2209 2323 2684 2445 colligendis
2749 2322 3079 2426 fuerunt
3149 2319 3442 2408 sollici·

749 2452 877 2557 ti,
945 2456 1023 2535 8<
1088 2459 1470 2565 quamvis
1536 2459 2135 2568 Numismata,
2205 2461 2284 2543 8<
2348 2457 2926 2572 Inscriptiones
2993 2482 3096 2540 ex
3160 2454 3442 2566 aliqua

743 2602 986 2697 parte
1025 2580 1171 2666 fibi
1211 2579 1566 2699 prodesse
1610 2588 2051 2696 senserint,
2118 2613 2401 2676 tamen
2444 2591 2529 2674 in
2567 2583 3152 2702 diplomatibus
3187 2578 3439 2699 potis·

744 2710 1041 2796 {imum
1106 2716 1539 2805 immorari
1604 2718 1852 2806 satius
1919 2720 2380 2810 duxerunt.
2446 2721 3077 2807 Numismatum
3145 2715 3369 2804 enim
3409 2773 3442 2820 ,

751 2845 832 2929 &
900 2842 1541 2961 Inscriptionum
1609 2852 2106 2936 obtruncata
2174 2854 2472 2956 verba,
2540 2855 2617 2934 8:
2687 2849 3127 2958 symbolica
3215 2845 3438 2960 figna

726 2974 1167 3064 *interdum
1232 3009 1452 3065 nova
1520 3005 1859 3065 movent
1903 2980 2202 3087 dubia,
2273 2982 2542 3096 potius
2583 3001 2838 3092 quam
2893 2975 3227 3062 solvant
3295 3002 3436 3060 an-

732 3106 1029 3226 ·tiqua.
1101 3111 1219 3192 At
1289 3108 1510 3196 stilus
1569 3113 1655 3196 in
1696 3111 2287 3225 diplomatibus
2353 3139 2532 3196 rem
2587 3131 2924 3194 omnem
2970 3106 3438 3220 exprimens

748 3264 1098 3349 eamque
1141 3239 1528 3355 appositis
1569 3243 2195 3329 circumstantiis
2260 3241 2712 3348 illustrans,
2754 3263 3119 3345 certam,
3185 3238 3264 3320 8<
3305 3264 3439 3321 ex-

730 3368 1167 3482 ploratam
1238 3369 1505 3457 lacit.
1572 3375 1836 3490 Igitur
1901 3404 2060 3489 ope
2129 3375 2217 3458 in
2287 3374 2575 3488 primis
2645 3370 3200 3486 diplomatum
3269 3371 3450 3482 Αιγ-

621 3555 631 3569 ‚
749 3500 1179 3614 tiquitates
1244 3502 1694 3617 praesertim
1738 3504 1990 3589 medii
2030 3506 2184 3590 aevi
2248 3504 2663 3590 illustrata,
2732 3504 3119 3611 fuerunt,
3190 3502 3267 3584 8<
3305 3528 3437 3606 re-

741 3655 931 3713 rum
973 3632 1324 3740 veritas,
1389 3638 1519 3721 cui
1561 3635 2100 3750 praejudicatae
2142 3637 2587 3724 authorum
2632 3637 3101 3752 opiniones,
3170 3635 3264 3715 8(
3295 3659 3437 3746 po·

740 3761 1070 3875 pulares
1130 3762 1452 3851 sabellae
1520 3761 1904 3855 tenebras
1969 3767 2480 3877 effuderant,
2548 3769 2636 3853 in
2703 3768 2843 3853 suo
2899 3765 3249 3852 candore
3317 3791 3437 3849 re-

742 3916 1044 3979 nitunt.
1512 3995 1543 4008 Ἀ
2069 3985 2078 3992 ,

874 4027 1074 4112 Haec
1144 4057 1245 4114 eo
1311 4030 1643 4118 confilio
1706 4034 2208 4151 prosequor,
2279 4064 2382 4122 ne
2449 4034 2663 4120 forte
2723 4034 3092 4147 cuipiam
3161 4027 3435 4132 uidea-

736 4175 876 4241 tur
964 4184 1249 4244 meum
1338 4163 1562 4250 hunc
1651 4169 2327 4283 qualemcunque
2414 4169 2501 4252 in
2592 4171 2964 4264 Venetas
3030 4161 3431 4256 Ecclefias

604 4329 617 4336 ·
737 4309 1142 4377 conatum
1208 4293 1583 4413 antiquis
1624 4297 2141 4387 documentis
2208 4298 2527 4388 onerari
2596 4298 2782 4411 plus
2846 4275 3094 4406 ,usto
3115 4298 3442 4400 Num-

3046 4448 3304 4539 quam
