3934 5359
769 933 819 979 s

999 412 1160 492 208

867 660 1145 744 Franci
1176 687 1295 738 cus
1344 659 1638 737 Venerio
1692 667 1870 737 Dux
1920 655 2226 736 tertium
2278 653 2618 735 Titulum
2675 651 3231 738 presbiteralem
3287 656 3369 737 in
3425 668 3558 742 Ec.

1071 789 1110 840 c
1142 761 1284 863 esta
1379 770 1455 840 S.
1500 771 1560 865 J
1560 757 1815 840 oannis
1848 753 2412 858 Eleemofinarii
2463 753 2553 839 de
2593 754 2945 841 Rivoalto
2998 757 3353 863 instituit.

927 864 1049 945 Hs

1423 407 1582 491 DE
1648 407 2186 489 Eeceesm
2254 401 2942 508 PAnocfflALJ
3018 517 3026 524 ι
3301 417 3404 492 ‚>-

1714 995 1964 1080 1554.
2032 994 2110 1075 7.
2175 906 2720 1053 Novembris.

1188 1207 1273 1264 Ex
1311 1201 1632 1265 Tabulario
1670 1176 1933 1262 Ecclefiae
1973 1206 2026 1261 S.
2064 1202 2295 1275 Joannir
2333 1197 2765 1267 Eleemofinarii
2805 1195 2875 1259 de
2915 1197 3221 1261 Rivoalto.

868 1399 1287 1537 FRanciscus
1342 1402 1586 1459 Venerio
1624 1399 1733 1459 Dei
1785 1400 1979 1478 gratia
2029 1404 2161 1459 Dux

1009 1479 1377 1548 venetiarum
1416 1478 1525 1534 ἃς.
1576 1482 1856 1535 Decorem
1896 1478 1949 1532 δι
1991 1496 2162 1536 orna-

872 1567 1132 1610 mentum
1187 1556 1403 1610 Domus
1455 1555 1561 1610 Dei
1619 1554 1850 1611 intensis
1888 1568 2157 1627 optamus

864 1625 1186 1701 affeffibus,
1231 1628 1536 1704 praesertim
1560 1630 1614 1684 in
1632 1629 1913 1700 eoelestis,
1955 1631 2011 1685 in
2032 1632 2154 1706 qui·

865 1700 969 1759 bus
1008 1703 1284 1781 studium,
1323 1706 1377 1763 Bt
1419 1704 1707 1764 solertiam
1749 1722 2011 1763 tenemur
2049 1706 2158 1764 ad-‘

861 1776 1058 1836 hibere
1088 1822 1104 1836 .
1157 1785 1304 1838 Cum
1345 1782 1538 1856 itaque
1581 1784 1696 1839 tria
1737 1798 2017 1856 perpetua
2059 1783 2153 1840 be-

865 1853 1075 1914 neficia
1115 1855 1510 1916 ecclesiastica·
1533 1857 1975 1930 Praesbyteratus
2010 1877 2152 1915 nun-

861 1948 1074 2004 cupata
1130 1935 1187 1991 in
1244 1934 1429 2010 prima
1497 1931 1839 1992 fundatione
1892 1933 2149 1994 Ecclefiae

794 2021 806 2030 ‘
858 2007 1047 2065 Plebis
1098 2013 1152 2065 S.
1194 2016 1277 2081 Jo:
1321 2007 1745 2067 Eleemofinarii
1801 2008 1871 2068 de
1912 2010 2151 2068 Rivoal·

859 2098 929 2143 to
957 2126 979 2155 ,
1030 2084 1189 2157 cujus
1227 2091 1664 2160 Juspatronatus
1719 2105 1890 2161 penes
1931 2091 2151 2146 Ducem

858 2176 971 2235 pro
1012 2174 1274 2235 tempore
1328 2162 1660 2221 existentem
1716 2164 1826 2221 ess‘e
1861 2163 2152 2241 dignosci-

860 2248 997 2307 tur,
1037 2237 1197 2295 fuiffe
1240 2236 1502 2297 instituta
1528 2239 2153 2315 evidenterappareat,

860 2308 1007 2370 licet
1062 2331 1097 2371 a
1154 2329 1411 2390 tempore
1450 2316 1599 2373 citra
1629 2359 1646 2388 ‚
1687 2315 1738 2372 ἃ
1780 2315 1850 2374 de
1895 2316 2155 2392 praesenti

857 2386 976 2446 duo
1016 2403 1245 2449 tantum
1303 2392 1630 2466 praesbyteri
1671 2391 1915 2450 instituti
1971 2395 2028 2450 in
2087 2411 2158 2453 ea

860 2468 1259 2540 reperiuntur,
1300 2473 1547 2528 Attento
1561 2467 1713 2545 quod
1742 2487 1891 2527 nunc
1910 2470 2155 2542 fruetus,

862 2539 1118 2609 redditus
1146 2587 1164 2616 ,
1202 2545 1256 2602 Bt
1297 2560 1610 2620 proventus
1665 2544 1915 2619 ejusdem
1959 2544 2158 2605 Eccle-

858 2614 947 2675 fiae
988 2617 1135 2678 adeo
1175 2622 1581 2694 excreverint3
1623 2636 1688 2680 ut
1726 2620 1999 2680 decenter
2040 2622 2154 2681 fine

854 2690 1101 2753 aliorum
1145 2696 1471 2771 praejudicio
1511 2697 1747 2757 ecclefia
1801 2699 1859 2755 in
1902 2700 2002 2756 suo
2043 2698 2151 2758 sta·
2204 2693 2209 2702 ’

864 2782 934 2827 tu
976 2771 1227 2842 restitui,
1269 2773 1320 2830 ἃ
1363 2775 1434 2831 ad
1463 2777 1836 2850 antiquorum
1865 2774 2149 2832 ministro-

845 2863 986 2923 *rum
1028 2865 1325 2906 numerum
1372 2851 1548 2926 redigi
1595 2849 1777 2925 potest
1804 2850 1876 2908 ad
1918 2850 2147 2909 laudem

851 2915 1002 2994 Dei,
1042 2924 1094 2980 8t
1138 2925 1303 2999 ipfius
1347 2924 1605 2984 Ecclefiae
1642 2924 1940 2997 decorem,
1982 2928 2035 2983 ἀ
2063 2927 2148 2984 di-

860 2999 984 3055 vini
1026 2998 1213 3056 cuitus
1256 3017 1659 3076 augmentum,
1701 3003 1989 3077 sequendo
2027 3004 2148 3062 sor-

857 3089 1014 3130 mam
1069 3074 1434 3135 Indultorum
1489 3076 1938 3152 Apostolicorum
1993 3077 2150 3137 desu-

857 3165 964 3222 per
1017 3152 1404 3210 concessorum
1459 3154 1834 3226 ordinamus,
1905 3170 1968 3211 ut
2022 3175 2149 3214 eam

765 3231 789 3281 ,’
858 3222 1233 3299 Presbyteri,
1271 3229 1370 3304 qui
1410 3230 1481 3286 ad
1529 3230 1758 3303 praesens
1801 3230 2046 3288 instituti
2090 3234 2147 3289 in

859 3316 928 3359 ea
969 3306 1338 3377 reperiuntur
1365 3347 1383 3377 ,
1423 3324 1593 3381 quam
1678 3308 1734 3362 ui
1779 3325 1882 3379 pro
1924 3321 2150 3381 tempo·

859 3395 924 3435 re
963 3395 1131 3436 erunt
1172 3380 1400 3460 singulis
1443 3384 1606 3440 annis
1637 3326 1883 3440 firmatos
1944 3384 2150 3467 trigin-

862 3467 926 3512 ta
980 3457 1354 3534 percipiant,
1411 3458 1462 3517 &
1505 3457 1658 3537 quod
1709 3458 1779 3519 de
1835 3473 2035 3519 cetero
2089 3461 2149 3519 in

2262 1398 2460 1459 eadem
2512 1397 2763 1459 Ecclefia
2816 1396 3148 1457 instituendi
3200 1415 3344 1455 unus
3397 1396 3543 1458 aliut

2264 1477 2568 1550 Praesbyter
2583 1476 2655 1535 ad
2671 1474 2907 1534 titulum
2924 1474 3380 1545 Praesbyteralem
3412 1495 3549 1548 pre·

2259 1553 2516 1611 sentetur
2545 1595 2564 1625 ,
2602 1555 2702 1630 qui
2743 1556 2798 1611 in
2844 1550 3043 1610 eadem
3083 1550 3331 1609 Ecclefia
3388 1553 3549 1622 juxta

2256 1631 2721 1687 consuetudinem
2762 1630 2815 1685 ἀ
2856 1628 3106 1699 statuta,
3147 1625 3553 1685 acordinatio·

2256 1726 2354 1763 nes
2394 1703 2626 1778 desuper
2665 1706 2850 1763 editas
2888 1703 3180 1762 celebrare
3208 1745 3229 1774 ‚
3280 1702 3335 1759 ἆ
3378 1702 3548 1763 Altis-

2255 1783 2396 1841 fimo
2434 1779 2780 1841 famulatum
2822 1779 3088 1838 exhibete
3131 1794 3399 1840 teneatur
3430 1821 3448 1848 ,
3484 1780 3541 1836 Se

2254 1860 2461 1916 tertius
2504 1872 2866 1931 nuncupetur
2893 1898 2911 1927 ,
2964 1856 3286 1930 habeatque
3322 1897 3340 1927 ‚
3381 1854 3434 1911 Sc
3478 1853 3544 1914 fi·

2252 1935 2475 1992 militer
2529 1936 2810 2009 percipiat
2864 1932 3103 1992 ducatos
3157 1934 3452 2008 triginta,
3491 1932 3543 1989 ἀ

2252 2031 2361 2088 pro
2398 2011 2664 2069 omnibus
2721 2009 3098 2084 proventibus
3151 2009 3204 2063 8:
3262 2008 3543 2079 incertis,

2253 2107 2323 2147 ac
2378 2106 2482 2163 pro
2536 2086 2799 2161 pensione
2854 2087 3054 2143 domus
3109 2084 3253 2141 alios
3307 2080 3547 2145 ducatos

2255 2163 2484 2222 decem.
2525 2169 2620 2222 Ita
2662 2179 2855 2221 tamen
2872 2162 3026 2238 quod
3052 2176 3546 2236 oecurrentequo·

2256 2240 2521 2298 vismodo
2566 2242 2870 2299 vacatione
2910 2238 3189 2296 dictorum
3243 2235 3548 2296 beneficia·

2257 2330 2452 2375 torum
2490 2316 2690 2375 domus
2733 2321 2839 2391 pro
2893 2315 3251 2373 habitatione
3304 2312 3550 2372 duorum

2257 2409 2656 2468 reputatorum
2699 2395 2856 2451 inter
2895 2391 2948 2449 se
2991 2391 3151 2464 juxta
3190 2389 3416 2448 suarum
3471 2390 3549 2448 in·

2256 2471 2621 2529 stitutionum
2660 2468 2925 2528 ordinem
2963 2484 3171 2541 optare
3202 2508 3220 2536 ‚
3260 2467 3313 2523 ἃ
3357 2463 3545 2524 conse·

2256 2548 2355 2622 qui
2413 2544 2651 2603 valeat.
2719 2545 2880 2604 Adeo
2933 2541 3086 2620 quod
3143 2540 3356 2600 ultimo
3414 2540 3541 2598 loco

3578 920 3612 935 ῃ

2256 2620 2625 2697 praesentatur
2667 2623 2725 2679 in
2769 2640 2837 2680 ea
2876 2618 2991 2678 fine
3031 2620 3204 2677 domo
3242 2637 3373 2678 cum
3407 2636 3537 2692 pen·
3586 2630 3589 2632 ·

2255 2697 2408 2757 fione
2465 2715 2660 2757 tamen
2716 2697 2995 2755 dierorum
3050 2694 3393 2758 ducatorum
3447 2694 3542 2751 de-

2253 2793 2378 2833 cem
2423 2776 2544 2845 (ut
2582 2773 2809 2849 supra)
2852 2787 3181 2841 remaneat,
3221 2790 3290 2830 ac
3333 2769 3409 2828 fic
3452 2769 3543 2828 fie-

2250 2853 2334 2921 ri,
2376 2869 2444 2908 ac
2487 2851 2775 2925 perpetuis
2816 2851 3024 2908 futuris
3066 2846 3423 2919 temporibus
3450 2847 3540 2901 in-

2247 2926 2609 2984 violabiliter
2661 2925 2949 2985 observari
3006 2923 3315 2993 volemum,
3367 2939 3539 2996 atque

2253 3004 2626 3062 mandamus.
2668 3007 2735 3060 In
2776 3021 3018 3077 quorum
3054 2998 3226 3059 fidem
3245 2998 3540 3072 patentes

2251 3080 2413 3153 fieri,
2453 3099 2520 3137 ac
2562 3079 2733 3136 solito
2770 3080 2905 3137 Divi
2948 3076 3139 3146 Marci
3165 3075 3345 3151 (igino
3388 3070 3539 3142 ''uffi-

2251 3177 2377 3217 πως
2419 3158 2799 3215 communiri.
2830 3159 3002 3214 Data:
3044 3156 3100 3208 in
3145 3150 3535 3209 nostroDuca·

2250 3232 2293 3291 li
2343 3233 2565 3292 Palatio
2604 3232 2697 3289 die
2749 3231 2991 3305 septimo
3044 3227 3387 3285 Novembris
3445 3227 3535 3280 In-

2250 3309 2501 3368 difflone
2544 3307 2978 3367 tertiadecima.
3022 3303 3336 3363 Millefimo
3375 3301 3530 3377 quin-

2250 3384 2567 3467 gentefimo
2607 3381 3072 3464 quinquagesimo
3112 3394 3361 3458 quarto.

3637 804 3660 836 ἱ
