3934 5359
950 364 1111 446 228
1407 365 2787 469 'DEEcctsssrsa

823 512 1083 595 nitatis
1133 510 1608 613 dispositione
1659 514 1753 592 ad
1804 517 2088 617 egregii
2141 514 2384 615 operis
2427 514 2944 597 fundationem
2987 516 3346 596 Venetias
3386 520 3509 597 ad·

827 633 1177 692 venerat.
1233 613 1544 693 Piiffimi
1598 614 1678 693 hi
1732 617 1925 711 viri,
1965 642 2290 716 quorum
2336 616 2628 695 animos
2647 616 2803 695 Dei
2853 617 3176 697 charitas
3226 617 3309 695 in
3352 618 3517 696 uni-

830 732 984 793 tate
1036 713 1573 813 conjunxerat,
1624 716 1810 795 aedes
1862 717 2096 795 etiam
2166 715 2302 794 fibi
2355 742 2798 796 communes
2848 719 3042 819 apud
3095 716 3506 797 Ecclesiam

831 817 1222 913 elegerunt
1263 869 1291 910 ,
1344 836 1575 914 utque
1628 816 1708 892 in
1758 841 1846 894 ea
1896 816 2302 897 concordia
2354 816 2647 915 facilius
2700 844 2953 919 aeque,
3004 844 3090 898 ac
3140 818 3516 896 valentius

831 915 924 992 ari
974 914 1399 995 animarum
1451 917 1763 995 salutem
1818 917 2347 997 incumberent
2388 973 2415 1012 ,
2487 918 2577 996 de
2627 917 3050 998 suaviffimo
3100 917 3294 994 Divi
3352 917 3522 994 Phi·

826 1012 1016 1117 lippi
1059 1015 1276 1094 Nerii
1327 1015 1676 1096 instituto
1709 1017 1793 1095 in
1811 1019 2022 1097 Urbe
2074 1018 2455 1097 fundando
2500 1018 2837 1096 unanimi
2889 1040 3075 1097 voto
3123 1015 3523 1097 confilium

829 1116 1210 1195 inierunt.
1266 1115 1419 1193 Die
1473 1117 1725 1217 itaque
1770 1141 1876 1195 tv.
1923 1120 2123 1197 Maii
2174 1144 2378 1197 anno
2425 1125 2630 1199 1662.
2683 1119 3175 1220 supralaudati
3233 1139 3382 1196 tres
3404 1118 3527 1195 Sa·

831 1217 1170 1295 cerdotes
1224 1216 1590 1332 supplices
1642 1220 1943 1298 libellos
1998 1218 2247 1299 Princi
2305 1219 2328 1296 i
2385 1219 2778 1327 humiliter
2829 1239 3320 1321 porrexerunt
3376 1217 3523 1317 pie·

825 1336 1062 1396 tatem
1115 1318 1500 1417 publrcam
1555 1340 1996 1418 exorantes,
2045 1341 2129 1399 ut
2183 1346 2225 1396 a
2313 1318 3011 1420 Congrcgationem
3055 1317 3391 1398 Oratorii
3434 1317 3525 1395 ri-

829 1432 907 1496 te
962 1417 1311 1497 Venetiis
1362 1417 1816 1498 fundandam
1871 1422 2263 1523 angustum
2315 1421 2541 1500 Divae
2596 1420 2865 1499 Mariae
2916 1422 3007 1499 de
3049 1417 3527 1499 Consolatio-

827 1544 928 1595 ne
983 1519 1403 1617 Templum
1452 1522 1863 1601 concedere
1917 1524 2354 1623 dignaretur
2396 1579 2414 1598 .
2490 1523 2692 1600 Vota
2747 1521 3040 1623 excepit
3093 1520 3296 1598 sacili
3350 1542 3529 1597 aure

826 1617 1191 1716 SenatuS,
1241 1645 1565 1722 cumque
1619 1649 1776 1703 non
1827 1625 1917 1701 de
1962 1649 2159 1701 nova
2180 1621 2581 1723 Religione
2632 1622 3096 1717 inducenda,
3148 1621 3271 1697 sed
3312 1620 3403 1695 de
3440 1617 3533 1696 li-

831 1719 1031 1797 beris
1084 1720 1266 1800 viris
1318 1722 1400 1799 in
1454 1722 1743 1803 unitate
1795 1724 2186 1811 charitatis
2228 1723 3191 1824 uniendisxagereturdato
3217 1720 3308 1797 ad
3328 1719 3535 1797 diem

841 1841 914 1897 x.
936 1820 1165 1919 Iunii,
1186 1822 1514 1919 ejusdem
1555 1824 1740 1903 anni
1782 1826 2083 1904 decreto
2103 1823 2719 1927 postulantibus(
2740 1823 3169 1903 collaudato
3209 1820 3539 1921 primum

769 1963 774 1967 -
835 1920 1301 2020 ampliffimis
1355 1926 1604 2004 verbis
1656 1926 1987 2025 ipsorum
2042 1949 2221 2004 mox
2293 1926 2791 2024 amplexando
2843 1923 3231 2018 instituto)
3269 1921 3347 1999 8<
3398 1920 3541 1997 Ec-

834 2020 1130 2100 clefiam
1172 2078 1199 2117 ,
1271 2025 1346 2102 8<
1394 2025 1708 2125 Congre
1763 2026 2047 2104 ationis
2091 2024 2482 2103 fundandae
2537 2026 2969 2103 facultatem
3024 2020 3369 2101 indulfit.
3420 2023 3539 2097 Re

833 2119 1071 2235 igitur
1124 2125 1299 2200 Deo
1351 2122 1646 2204 favente
1729 2126 2022 2205 eliciter
2076 2126 2409 2227 incepta,
2451 2126 2759 2205 Divina:
2833 2125 3160 2225 primum
3213 2123 3543 2235 clemen.-

838 2239 968 2298 trae
1017 2223 1291 2323 gratias
1340 2249 1604 2325 egere,
1657 2227 1868 2324 cujus
1922 2226 2296 2305 beneficio
2348 2250 2639 2305 exortas
2692 2226 3171 2304 difficultates
3242 2222 3541 2321 expedi-

837 2330 920 2399 t‘e
971 2321 1489 2422 superaverant
1531 2382 1557 2422 ,
1631 2351 1811 2404 mox
1883 2326 2192 2405 solliciti
2244 2327 2336 2406 de
2389 2327 2743 2406 facultate
2795 2324 3323 2418 ecclesiastica,
3376 2322 3401 2418 (
3444 2347 3539 2399 ne

845 2421 1027 2522 quid
1053 2425 1159 2501 rei
1182 2425 1496 2522 deesset)
1550 2429 2011 2524 obtinenda,
2062 2429 2424 2528 Ioannem
2473 2429 2949 2506 Franciscum
2978 2428 3535 2504 Maurocenum

842 2522 1360 2604 Patriarcharn
1404 2528 1894 2607 Venetiarum
1945 2527 2340 2626 adierunt,
2391 2531 2487 2607 ab
2538 2554 2629 2605 eo
2672 2528 3101 2629 suppliciter
3145 2525 3537 2624 exposcen-

842 2643 1000 2721 tes,
1054 2646 1138 2704 ut
1191 2626 1886 2731 Congregationem
1942 2630 2280 2708 Oratorii
2335 2630 2416 2708 in
2470 2574 2671 2707 Divii
2714 2629 2990 2707 Leonis
3046 2625 3377 2733 Paroecia
3430 2623 3536 2700 in-

840 2724 1045 2803 stitui
1104 2748 1519 2826 pateretur.
1571 2730 2098 2810 Libentiffimo
2150 2730 2407 2808 animo
2463 2730 2815 2808 homines
2856 2728 3245 2828 amplexus
3281 2724 3387 2803 est
3413 2726 3542 2800 Pa-

843 2825 1220 2925 triarcha,
1271 2850 1496 2929 atque
1546 2833 2249 2932 Congregationem
2305 2830 2644 2910 Oratorii
2718 2833 2815 2909 ab
2868 2829 3039 2930 ipfis
3086 2824 3540 2905 fundandam
3646 2920 3655 2924 ⁴

838 2953 1000 3009 non
1050 2931 1283 3008 modo
1331 2932 1474 3010 rite
1529 2932 2018 3033 approbavit,
2068 2933 2192 3011 sed
2242 2933 2317 3009 &
2369 2931 2685 3010 summis
2731 2932 3077 3010 laudibus
3119 2926 3561 3018 exornavit,

836 3028 914 3107 se
966 3030 1341 3109 confidere
1395 3034 1705 3111 afferens
1758 3033 2085 3134 ipsorum
2139 3032 2769 3127 sanctimoniam,
2815 3033 2892 3110 8<
2930 3029 3377 3110 charitatem
3397 3027 3544 3104 Ec·
3597 3054 3611 3063 ·

839 3127 1082 3206 clefiae
1132 3131 1446 3211 Venetae
1518 3155 1684 3210 tum
1739 3133 2067 3234 praefidio
2105 3188 2134 3228 ,
2206 3154 2371 3212 tum
2445 3156 2897 3214 ornamento
2963 3131 3248 3210 futuras
3299 3126 3540 3227 (C).

837 3228 1319 3309 ordinariam
1376 3234 1711 3313 Praesulis
1761 3234 2309 3315 conceffionem
2352 3237 2819 3336 Apostolicae-
2853 3229 3334 3312 authoritatis
3380 3252 3543 3341 rnu-

835 3328 1133 3409 nimine
1181 3334 1570 3412 roboravit
1612 3335 1981 3414 Clemens
2038 3335 2257 3434 hujus
2311 3337 2649 3416 nominis
2699 3337 2893 3436 Papa
2934 3335 3025 3412 X.
3070 3334 3400 3431 datoque
3424 3329 3545 3407 dte

725 3449 744 3463 ·
836 3451 995 3507 xxr.
1053 3433 1438 3514 Novemb.
1492 3461 1694 3514 anno
1748 3437 2223 3516 Mnctxxw.
2284 3437 2689 3515 Pontificio
2728 3437 3137 3535 diplomate
3163 3435 3543 3543 Ven‘etam

841 3532 1178 3610 Oratorii
1232 3535 1938 3637 Congregationem
2015 3539 2148 3615 sub
2224 3537 2571 3617 instituto
2646 3537 2837 3615 Divi
2914 3533 3250 3635 Philippi
3312 3529 3530 3609 Nerit

840 3632 1434 3715 confirmandam
1510 3640 1648 3715 esse
1722 3638 2059 3717 decrevit
2098 3692 2127 3732 ,
2215 3638 2627 3738 multisque
2701 3659 3045 3739 ornatam
3122 3630 3540 3742 privilegiis

824 3729 1270 3829 ‚omnimodae
1309 3736 1810 3832 jurisdiffioni
1859 3735 2310 3818 Patriarcbae
2358 3736 2827 3817 Venetiarum
2866 3761 2998 3837 pro
3051 3757 3369 3833 tempore
3388 3753 3542 3835 ext-

829 3832 1094 3938 stentis
1143 3838 1546 3935 subjeetam
1623 3865 2010 3919 remanere
2065 3839 2399 3916 decrevit
2478 3838 2695 3939 (D),
2773 3843 3072 3918 Interea
3126 3839 3304 3914 dum
3385 3834 3548 3947 haze

847 3955 1177 4033 aguntur
1228 3939 1539 4020 statutus
1595 3944 2181 4041 Procuratorum
2234 3940 2449 4015 Ordo
2488 3995 2514 4035 ,
2584 3940 2714 4041 qui
2769 3940 3117 4021 Ecclefiae
3188 3934 3548 4035 regimmt

851 4035 1305 4136 praefideret‚
1357 4068 1514 4121 non
1568 4042 1946 4137 interupta
1997 4038 2182 4115 serie
2234 4038 2771 4137 continuatur,
2824 4045 3004 4121 dum
3051 4065 3177 4118 eos
3229 4034 3545 4114 subinde

849 4136 1290 4220 decedentes
1345 4139 1944 4220 patriarcharum
2020 4136 2292 4216 elec'tio
2367 4139 2687 4219 suffectis
2739 4142 2906 4220 aliis
2978 4138 3343 4220 restituit.
3399 4138 3550 4213 Eos

852 4236 1053 4316 inter
1127 4242 1495 4341 praecipue
1570 4238 2043 4317 recenscendi
2123 4238 2440 4316 veniunt
2496 4240 2848 4322 Marinus
2901 4242 3312 4320 Grimanus
3366 4238 3555 4314 Her-

846 4338 1081 4435 molai
1132 4341 1380 4439 filius,
1430 4342 1506 4421 8<
1554 4341 1881 4442 Ioannes
1933 4338 2256 4442 Baptista
2309 4341 2684 4423 Cornelio
2740 4344 3065 4423 Thomae
3118 4340 3375 4519 filius}
3426 4340 3543 4414 Se-

811 4486 816 4491 ·
3242 4465 3335 4522 na
3380 4466 3457 4518 o-
