3934 5359
878 479 955 565 S.
995 482 1313 566 Mature
1377 481 1795 566 Vmorms
1861 458 2635 568 Desiste-rosum.
2760 536 2769 545 κ
2826 506 2985 593 273

421 628 772 717 omnibus
827 632 1116 732 prorsus
1138 630 1473 732 corporis
1516 625 1901 728 animique
1924 624 2254 706 destituti
2307 622 2677 706 subsidiis.
2734 627 3110 704 Acerbam

408 756 818 831 puerorum
857 733 1367 811 calamitatem
1413 732 1800 809 miseratus
1846 727 2413 828 HieronymuS,
2466 753 2642 806 cum
2669 726 3104 828 jampridem

407 832 503 909 ad
556 832 751 929 hanc
803 831 1212 911 ineundam
1268 832 1737 933 provinciam
1794 829 2107 907 internis
2180 829 2326 907 sese
2401 829 2735 907 motibus
2789 825 3104 905 excitari

410 932 939 1030 cognosteret,
996 961 1149 1011 non
1173 934 1412 1012 solum
1457 935 1550 1012 ad
1594 933 1921 1032 ipsorum
1976 929 2308 1030 inopiam
2353 928 2934 1022 sublevandam,
2984 926 3107 1003 sed

414 1031 491 1109 8(
542 1033 629 1109 ad
681 1038 942 1112 mores‘
974 1034 1407 1113 Christiana
1460 1031 1794 1112 do&rina
1849 1029 2342 1108 instituendos
2395 1029 2733 1107 animum
2790 1027 3100 1125 adjecit.

411 1132 526 1208 Ea
578 1156 877 1234 propter
950 1134 1264 1213 collefi'ta
1338 1136 1668 1235 undique
1746 1156 2112 1232 vagorum
2190 1155 2595 1232 puerorum
2667 1128 2972 1228 agmina
3023 1125 3109 1205 in

408 1231 684 1311 AEdern
739 1258 783 1310 a
835 1236 906 1313 se
959 1235 1404 1314 condufi‘tam
1459 1232 1770 1313 deduxit
1811 1289 1836 1330 ‚
1910 1233 2043 1311 ubi
2096 1256 2496 1331 corporum
2552 1253 2917 1308 aerumnas
2969 1228 3111 1306 tol-

410 1333 650 1429 leret,
700 1334 774 1411 8<
825 1336 1042 1415 rudes
1095 1336 1388 1416 animos
1442 1334 1617 1415 fidei
1672 1333 2054 1437 praeceptis
2108 1330 2549 1423 instruerem
2604 1351 2684 1407 ut
2711 1340 2895 1407 ver'o
2940 1353 3114 1429 pue·

411 1432 480 1511 ri
534 1435 627 1510 ad
679 1433 976 1513 viflum'
1022 1436 1156 1515 fibi
1233 1463 1324 1515 ex
1398 1436 1784 1517 laboribus
1855 1433 2446 1536 comparandum
2520 1428 3114 1526 instruerentur,

406 1534 726 1614 artifices
779 1535 989 1636 pacta
1041 1539 1383 1618 mercede
1435 1537 1762 1633 accivit,
1811 1537 1944 1638 qui
1998 1562 2127 1615 eos
2179 1535 2261 1613 in
2314 1531 2649 1613 lanificio
2700 1531 3114 1623 erudirent,

407 1659 502 1713 ex
556 1661 712 1736 quo
764 1637 1033 1716 deinde
1091 1638 1395 1718 honeste
1449 1637 2168 1740 aliquando-vivere
2267 1635 2341 1712 8(
2393 1636 2494 1713 ali
2550 1632 2873 1734 possent.
2931 1632 3114 1707 Prae-

405 1736 622 1850 clara·
657 1736 1082 1817 sanffiffimi
1137 1740 1284 1817 viri
1336 1739 1711 1818 institutio
1764 1740 1922 1839 ipso
1978 1691 2438 1838 potissimum
2492 1733 2878 1812 adnitente
2923 1728 3115 1808 Hos-

407 1837 665 1936 pitalis
722 1837 944 1934 hujus
994 1840 1464 1920 curatoribus
1518 1838 1801 1920 credita
1853 1837 2046 1934 fuit,
2098 1859 2191 1915 ex
2245 1862 2398 1938 quo
2451 1854 2605 1935 tem
2717 1858 2791 1910 re
2845 1832 2926 1908 in
2968 1834 3114 1908 Or-

409 1935 1030 2036 phanodochium
1076 1941 1305 2023 evafit
1326 1944 1362 2038 ,'
1405 1938 1744 2042 a'tque'ex
1797 1940 1926 2053 pio
1974 1964 2202 2039 opere
2256 1958 2539 2016 nomen
2619 1934 2727 2012 ibi
2780 1930 3113 2010 inditum

407 2038 701 2139 accepit
723 2036 1104 2138 Hospitale
1121 2052 1532 2141 Pauper-um
1556 2036 2091 2122 Dereltblorum
2110 2038 2323 2139 cujus
2365 2034 2744 2138 spirituale
2769 2032 3113 2133 regimen

404 2137 887 2254 secularibus
929 2143 1119 2223 olim
1150 2144 1614 2247 Presbyteris
1655 2143 2029 2224 creditum
2054 2165 2207 2221 non
2231 2137 2494 2218 multis
2536 2137 2632 2214 ab
2651 2132 2872 2214 obitu
2894 2129 3111 2211 Beati

406 2240 587 2317 Viri
636 2242 1015 2323 transactis
1066 2246 1285 2325 annis
1337 2246 1556 2347 ipsius
1608 2246 1799 2341 filii,
1851 2239 2493 2346 Congregationis
2537 2234 2959 2316 Somaschae
3002 2232 3106 2313 ab

405 2364 501 2418 eo
559 2340 879 2420 fundatae
932 2344 1276 2442 alumni,
1324 2346 1852 2445 susceperunt,
1897 2345 2102 2445 quod
2142 2343 2373 2421 etiam
2424 2340 2507 2418 in
2562 2334 2903 2439 praesenti
2956 2333 3109 2410 lau-

405 2439 777 2519 datiffime
799 2443 1317 2524 administrant
1340 2503 1359 2522 .
1414 2446 1986 2547 Hieronymum
2013 2445 2262 2545 itaque
2287 2439 2784 2519 AEmilianum
2811 2491 2838 2533 ,
2932 2456 3108 2513 uem

403 2538 491 2618 in
545 2540 751 2645 sacro
804 2544 1249 2624 alendorum
1294 2546 1835 2648 orphanorum
1890 2543 2236 2622 instituto
2281 2561 2670 2642 parentem
2693 2563 2890 2638 agno
2923 2553 3108 2627 cunt

407 2640 899 2737 Xenodochii
945 2646 1284 2750 Praefides
1326 2702 1354 2745 ‚
1426 2670 1605 2727 cum
1660 2647 2066 2726 Beatorum
2123 2641 2317 2722 fastis
2370 2638 2824 2740 adscriptum
2879 2639 3112 2748 Anno

408 2740 931 2825 Mnecxtvn.
987 2748 1476 2849 accepissent,
1530 2747 1751 2850 ipsius
1793 2745 2121 2849 gloriam
2161 2763 2370 2823 tanta
2427 2740 2689 2821 laetitia
2724 2736 3120 2857 ‘prosequtxi

297 2868 302 2875 ·
400 2844 630 2942 sunt,
683 2866 769 2926 ut
822 2869 981 2928 tota
1033 2850 1379 2930 Civitate
1423 2850 1826 2952 plaudente
1865 2847 2285 2927 solemnem
2330 2841 2918 2923 Beatificationis
2956 2859 3113 2932 ejus

397 2944 889 3128 {elgivitatem
939 2948 1258 3029 solemni
1309 2976 1609 3053 quoque
1646 2948 2120 3033 Divinorum
2163 2943 2621 3028 Officiorum
2673 2963 2947 3044 pompa
2997 2959 3113 3015 ce·

440 3072 480 3124 e
543 3070 820 3128 rarint.
1453 3084 1458 3091 ·
2473 3098 2479 3103 -

504 3153 741 3229 Anno
793 3152 1257 3235 Mnxxxvn.
1313 3155 1570 3237 mense
1622 3155 1978 3257 Januario
2033 3155 2289 3234 Divus
2330 3147 2670 3252 Ignatius
2714 3134 3111 3258 Societatis

402 3245 583 3347 Jesu
633 3251 1015 3334 Fundator
1069 3258 1418 3336 Venetiis
1459 3259 1735 3358 degens
1786 3283 1965 3337 cum
2010 3256 2251 3335 socios
2297 3249 2583 3332 Parisiis
2625 3247 3115 3325 advenientes

407 3349 857 3450 excepisset,
905 3380 1035 3435 eos
1076 3355 1160 3433 in
1179 3357 1473 3437 duobus
1497 3357 2112 3451 DereliG'torum‚
2163 3374 2387 3454 atque
2409 3345 2959 3456 Incurabilium
2986 3364 3119 3416 no-

412 3448 771 3565 socomiis
824 3454 1154 3553 locavit,
1206 3480 1292 3538 ut
1344 3458 1685 3560 quaedam
1737 3455 1944 3558 quasi
1996 3454 2303 3533 exordia
2355 3451 2615 3530 futuro
2667 3439 3119 3552 sanEtissimo

410 3547 768 3629 instituto
812 3553 1282 3657 disponeret,
1333 3559 1487 3661 ipse
1542 3584 1725 3639 vero
1777 3555 2088 3636 alternis
2142 3579 2346 3633 nunc
2398 3551 2483 3629 in
2537 3573 2739 3642 un0,
2792 3565 2996 3657 nunc
3038 3563 3125 3617 in
3210 3568 3223 3573 ·

408 3651 653 3731 altero
700 3652 1201 3738 Xenodochio
1255 3660 1549 3760 aegrotis
1603 3654 2100 3738 ministravit.
2155 3655 2378 3733 Hanc
2411 3649 2756 3753 primam
2809 3664 3123 3723 vineam

406 3753 931 3855 evangelicam
985 3755 1241 3854 fuiffe,
1292 3786 1522 3861 quam
1563 3759 1896 3861 Societas
1953 3762 2125 3841 Iesu
2176 3755 2426 3835 colere
2478 3750 2746 3850 caepit,
2799 3746 3117 3859 Venetae

412 3878 689 3956 nempe
743 3858 976 3939 Urbis
1032 3861 1514 3959 nosocomia,
1568 3862 1875 3941 testatur
1914 3857 2201 3938 Daniel
2253 3853 2599 3937 Bartolus
2642 3850 2726 3928 in
2777 3842 3114 3941 Historia

415 3952 818 4071 societatis
860 3962 1034 4061 Jesu
1088 3962 1219 4042 lib.
1248 3994 1315 4044 2.
1370 3990 1524 4065 cap.
1562 3970 1670 4044 16.
1724 3964 1799 4042 8<
1847 3991 1960 4060 17.
2913 3988 2927 4009 ²
3017 4045 3034 4062 ,

516 4058 942 4156 Angustum
987 4065 1433 4144 Oratorium
1485 4066 1577 4144 ad
1630 4063 2050 4167 spirituales
2104 4058 2682 4162 aegrotantium,
2734 4071 2962 4165 atque
3012 4072 3125 4122 m-

405 4152 810 4268 sirmorum
861 4161 1317 4263 indigentias
1371 4167 1782 4245 excitatum
1827 4222 1856 4264 ,
1930 4190 2133 4244 nova
2187 4161 2661 4264 postmodum
2715 4154 3125 4233 molitione

411 4279 498 4369 in
521 4258 1072 4372 ornatissimum
1099 4265 1518 4363 Templum
1542 4287 1996 4347 renovatum
2018 4263 2211 4359 fuit,
2263 4264 2345 4339 in
2370 4288 2524 4361 quo
2568 4259 2850 4354 septem
2890 4268 3126 4358 aequa-

415 4355 515 4436 Iis
559 4359 1104 4442 Architee’turae
1148 4364 1443 4445 Altaria
1464 4367 1740 4445 decoro
1781 4363 2089 4467 opificio
2142 4387 2239 4439 ex
2295 4359 2581 4439 selee'tis
2623 4348 3151 4458 marmoribus»

409 4457 860 4560 exsurgunt.
914 4462 1208 4547 Eorum
1257 4486 1545 4565 unum,
1594 4467 1800 4568 quod
1848 4463 2119 4565 majori
2170 4486 2213 4538 a
2265 4484 2504 4543 cornu
2547 4448 2949 4553 Evangelii
3004 4442 3125 4521 ad-

451 4588 460 4597 ·
627 4568 843 4644 Tom.
884 4571 1024 4645 m.
1181 4610 1190 4619 -
2038 4561 2135 4645 Μ
2158 4584 2238 4639 m
2847 4542 3033 4645 jacet
