3934 5359
1087 208 1118 241 ἱ

905 414 981 497 S.
1047 413 1434 494 Maxim
1498 406 2452 488 Cowsotarioms.
2718 420 2881 500 229

330 585 628 646 natores
671 558 946 664 pietate
991 582 1156 640 non
1207 552 1506 652 minuc,
1554 576 1781 653 quam
1833 546 2230 650 prudentia
2278 531 2697 658 praestantes
2736 596 2764 637 ,
2814 568 3003 644 quoa

323 688 496 747 rum
598 664 828 742 rimus
880 662 1139 762 spretis
1194 656 1455 738 mundi
1506 650 1969 731 vanitatibus
2019 643 2621 745 Congregationi
2664 642 3005 727 Oratorii

321 767 404 843 in
459 688 640 843 urge
663 762 1026 842 Brixienfi
1077 786 1357 838 nomen
1409 754 1660 848 dedit,
1712 753 1901 829 alter
1933 771 2141 827 ‘vero
2185 746 2320 824 sub
2341 742 2673 844 superius
2714 743 3000 821 laudati

320 865 627 964 Ioannis
679 861 1017 965 Baptista:
1070 860 1365 939 Bedetti
1417 853 1814 952 disciplina
1864 849 2049 947 adeo
2101 846 2184 923 in
2226 846 2599 948 virtutum
2640 841 3008 923 exercitio

316 964 680 1066 profecit,
733 985 816 1058 ut
869 964 952 1042 in
1003 960 1287 1041 Laicali
1340 957 1496 1035 vita
1541 950 1905 1053 regularis
1956 944 2430 1048 perfeetionis
2480 942 2770 1044 apicem
2841 941 3019 1019 atti-»-

315 1064 492 1164 giffe
515 1065 936 1146 videretur.
990 1056 1673 1163 Ipfiusencomium
1696 1050 1944 1152 operis
1965 1047 2189 1147 hujus
2229 1044 2531 1124 Decade
2548 1045 2606 1120 Ι.
2651 1066 2813 1142 pag.
2846 1049 3011 1121 181.

317 1166 708 1263 dedimus,
762 1164 897 1245 ubi
950 1186 1232 1242 annum
1284 1161 1440 1257 ejus
1489 1153 2005 1241 emortualem·
2050 1176 2255 1247 1709.
2299 1145 2796 1244 fignavimus3
2850 1145 3071 1233 bre-3¹

315 1289 446 1344 ves
499 1267 950 1346 vero-hasce
1002 1263 1256 1343 laudes
1306 1286 1350 1337 a
1404 1257 1723 1362 piissimo
1763 1252 1933 1331 viro
1978 1249 2133 1348 jure
2176 1246 2479 1325 meritas
2523 1243 2648 1321 hic
2670 1265 3016 1342 quoque,

314 1360 500 1443 dum
555 1366 1023 1464 ejusmentio
1064 1361 1433 1457 incurrit,
1481 1355 1678 1436 mihi
1732 1352 1995 1433 afferre
2048 1349 2273 1428 liceat
2327 1343 2567 1458 yeluti
2620 1340 3015 1420 amantissi-

317 1464 430 1577 mi
485 1466 664 1545 Filii
718 1492 891 1567 erga
943 1468 1243 1544 Patrem
1295 1460 1700 1562 optimum‘
1730 1478 2060 1555 perenne
2108 1471 2435 1541 amoriS,
2484 1443 2560 1524 8<
2609 1443 2807 1542 grati
2857 1442 3012 1519 ani-

317 1586 1112 1645 mrmonumentum.
1551 1628 1564 1635 -
1927 1612 1936 1623 2
2014 1576 2029 1627 ¹.
2206 1618 2213 1629 .

385 1664 677 1766 ..Usque
729 1670 819 1745 ad
891 1665 1266 1766 sequentis
1338 1660 1587 1743 saeculi
1631 1658 1923 1738 XVIII.
1977 1649 2280 1734 exordia
2351 1647 2436 1725 iri
2506 1643 3015 1747 angustissimo

313 1763 496 1843 loco
548 1768 913 1865 degerunt
968 1767 1071 1866 pii
1115 1765 1550 1845 Sacerdotes
1586 1816 1619 1859 ,
1669 1760 2027 1857 cumque
2067 1753 2161 1830 ad
2211 1748 2636 1829 animarum
2684 1745 3010 1825 salutem

311 1887 453 1964 pro
509 1866 799 1944 viribus
849 1867 1342 1964 adjuvandam
1396 1887 1562 1943 tum
1615 1859 1925 1961 privatis
1977 1850 2425 1950 colloquiis,
2481 1869 2641 1925 tum
2688 1842 3016 1944 publicis

309 1965 817 2045 concionibus
865 1967 1125 2045 ‘sedulo
1175 1964 1630 2057 infisterent,
1682 1962 1948 2059 ingens
1972 1952 2257 2033 civium
2283 1972 2641 2028 numerus
2683 1945 2777 2023 ad
2826 1944 3021 2045 ipso·

300 2088 469 2178 rum
523 2066 995 2162 Ecclefiam,
1048 2089 1132 2145 ut
1175 2066 1258 2143 in
1275 2063 1704 2145 Christiana
1740 2085 1817 2140 re
1861 2053 2415 2142 institueretur,
2456 2068 2839 2126 accurrere
2863 2069 3014 2124 coe·

300 2186 450 2264 pit.
507 2167 644 2243 Ad
697 2192 822 2246 eos
873 2166 1109 2266 igitur
1158 2164 1641 2265 excipiendos
1693 2186 1870 2240 cum
1893 2155 2204 2255 antiqua
2222 2147 2596 2242 Ecclesia,
2646 2170 2810 2247 quae
2863 2145 3043 2242 jam-

307 2266 687 2345 vetustate
740 2267 1126 2346 fatiscebat
1162 2320 1190 2361 ,
1240 2264 1618 2366 angustior
1668 2263 1840 2340 effet
1881 2312 1909 2355 ,
1982 2280 2184 2335 anno
2237 2277 2446 2349 1701.
2499 2248 2589 2326 de
2663 2243 3020 2346 ampliori

205 2368 222 2373 “
307 2364 660 2466 Templo
711 2367 1147 2448 aedificando
1186 2365 1620 2445 consultum
1663 2361 1806 2440 est.
2026 2430 2033 2439 .

299 2516 308 2520 -
398 2465 770 2547 Ecclefiae
818 2467 1092 2547 latiori.
1123 2465 1361 2567 spatio
1414 2461 1814 2541 dilatandae
1852 2512 1879 2553 ,
1950 2476 2172 2555 atque
2226 2451 2535 2529 AEdium
2586 2470 3020 2546 comparan-

298 2566 584 2681 darum
637 2568 1126 2662 facultatem,
1173 2563 1690 2666 supralaudato
1740 2562 2031 2661 Ioanne
2100 2550 2423 2653 Baptista
2486 2547 2859 2626 Cornelio
2928 2545 3014 2621 iri

298 2669 582 2766 primis
634 2668 1068 2762 adnitente,
1120 2669 1434 2745 Senatus
1488 2661 1837 2754 indulsit,
1889 2680 2090 2735 anno
2143 2681 2350 2749 1701.
2405 2649 2524 2727 die
2549 2668 2672 2724 111.
2696 2645 3015 2738 Martii,

301 2769 430 2869 qui
482 2771 578 2848 δι
619 2768 909 2848 insacri
951 2767 1244 2849 aedificii
1285 2764 1688 2844 subfidium
1739 2784 1832 2838 ex
1876 2754 2182 2858 publico
2226 2751 2486 2830 aerario
2524 2746 2856 2845 aliquam
2989 2786 3020 2806 -

303 2871 564 2950 cuniae
615 2871 989 2948 summam
1041 2866 1336 2967 erogari
1387 2863 1796 2966 praece'pit.
1871 2855 2141 2957 Operis
2194 2851 2414 2931 initia
2465 2848 2609 2926 rite
2661 2845 2868 2960 dispo
2901 2842 3017 2957 uit

301 2971 640 3069 Ioannes
692 2969 1100 3067 Baduarius
1153 2965 1581 3046 Patriarcha
1637 2956 2128 3043 venetiarum
2182 2953 2511 3055 primum
2555 2946 2878 3057 lapidem
2924 2968 3020 3022 ri-

311 3091 388 3149 te
439 3070 931 3152 benedistur‘n
1001 3070 1087 3151 in
1136 3059 2111 3161 fundamenti3.injiciens3
2183 3053 2312 3136 cui
2363 3049 2592 3132 incisa
2660 3044 2806 3126 fuit
2857 3044 3017 3123 haic

311 3171 761 3273 epigraphes
782 3233 807 3253 .
1077 3210 1086 3233 =
1153 3198 1172 3247 .·

1436 3320 1540 3404 D.
1645 3316 1742 3401 Ο.
1846 3314 1971 3400 Μ.
2094 3318 2103 3329 ’

405 3528 468 3575 „
521 3474 768 3592 Beatae
823 3476 1092 3558 Maria:
1142 3477 1447 3582 Virgini
1502 3470 2145 3569 Consolationis,
2213 3498 2300 3554 ac
2369 3462 3018 3563 Beato-Philippo

295 3604 361 3676 3,
416 3580 673 3657 Nerio
744 3579 1160 3660 excitatum
1215 3580 1636 3680 Templum
1689 3577 2101 3656 Clemente
2142 3575 2278 3652 XI.
2350 3568 2714 3650 Pontifice
2776 3564 3006 3641 Max.

255 3764 260 3767 Α
316 3732 372 3776 „
425 3678 1189 3859 ssloyfioAMocRriico
1213 3684 1434 3760 Duce
1456 3686 1508 3776 ,‘
1531 3681 1817 3778 Joanne
1834 3675 2204 3756 Baduario
2228 3669 2654 3754 Patriarcha
2680 3666 3015 3746 Muccv.

316 3831 372 3875 ‚2
519 3798 692 3858 Orus
751 3822 752 3827 ’
817 3803 972 3880 ugu
1039 3806 1107 3857 l·
1499 3804 1506 3811 l

411 3882 635 3996 Opus
691 3873 817 3961 cui
871 3903 1001 3982 per
1071 3880 1527 3959 decennium
1584 3879 1905 3958 artifices
1980 3876 2309 3978 plurimi·
2362 3874 2799 3955 insudarunt
2869 3887 3020 3941 ma-

302 3982 687 4081 gnificum
741 3982 1020 4082 prodiit
1092 4006 1296 4072 anno
1353 3981 1743 4073 Mmcxv.
1799 3979 2009 4077 cujus
2061 3978 2265 4073 anni
2318 3976 2437 4055 die
2494 4002 2601 4052 11.
2648 3966 3020 4050 Decemb.

197 4172 202 4176 ⁴
297 4102 604 4161 novam
656 4083 1062 4161 Ecclesiam
1119 4078 1576 4163 Dominicus
1623 4072 2730 4178 Sanzorrius'Congrega‘tionis
2773 4071 3022 4146 Sacer·

302 4184 450 4260 dos
510 4182 554 4294 (·
583 4179 1013 4295 facultatem
1090 4185 1549 4261 concedente
1607 4185 1829 4279 Peqro
1881 4183 2295 4260 Barbadico
2352 4167 2847 4263 patriarcha.)
2922 4164 3025 4239 so-

299 4285 562 4399 lemn!
608 4302 756 4395 ritu
797 4282 1231 4377 benedixit,
1273 4283 2055 4380 moxque-salutarem
2086 4282 2403 4359 hostiam
2442 4279 2645 4354 inter
2687 4270 3027 4365 frequen·
3074 4300 3077 4305 ·

300 4405 416 4463 ²¹3
495 4383 762 4486 ΡΟΡῑὼ
816 4384 1137 4484 PlausUS—
1185 4408 1317 4483 pro
1371 4380 1782 4481 gratiarum
1835 4382 2133 4461 afflone
2205 4379 2517 4460 litavit..
2588 4372 2743 4453 Die
2798 4366 3031 4476 Nona
