3934 5359
713 2112 729 2122 ⁸
832 2118 1109 2177 visionem
1140 2159 1158 2189 ,

899 435 909 455 ”
968 478 1126 537 202

837 602 959 678 ejus
1016 597 1216 656 literas
1269 589 1638 665 impetrarint
1688 589 1869 646 etiam
1922 586 1967 644 si
2027 604 2127 659 per

832 696 931 738 eas
960 674 1031 735 acl
1075 668 1511 737 inhibitionem,
1538 663 2029 748 ,reservationem,
2071 662 2124 718 ἀ

836 754 1134 812 decretum
1169 789 1186 819 ‚
1241 743 1332 802 vel
1390 741 1531 800 alias
1566 738 2013 815 quomodolibet
2054 736 2126 827 sit

837 825 1151 904 processum
1171 865 1186 896 ,
1204 819 1407 896 quibus
1421 816 1683 875 omnibus
1700 814 1939 873 eundem
1958 815 2127 871 Chri-

833 905 1162 980 stophorum
1218 900 1276 955 in
1334 895 1678 953 assecutione
1732 891 1889 950 dissae
1936 891 2129 948 Pleba-

834 985 942 1040 nia:
984 975 1242 1037 volumus
1286 970 1594 1040 anteferri,
1636 968 1726 1025 sed
1758 966 1977 1026 nullum
2021 984 2122 1040 per

832 1057 943 1116 hoc
960 1057 1038 1111 eis
1052 1070 1168 1128 quo
1196 1040 1268 1108 ad
1295 1046 1700 1104 assecutionem
1732 1044 2082 1132 dignitatum
2103 1084 2121 1114 ,

834 1115 941 1192 vel·
971 1127 1380 1188 beneficiorum
1424 1122 1671 1179 aliorum
1732 1119 2118 1196 praejudicium

831 1206 1129 1287 generari,
1171 1204 1261 1261 seu
1307 1219 1411 1274 pro
1440 1216 1700 1272 tempore
1728 1196 1989 1254 existenti
2010 1196 2126 1284 Pri-

832 1283 1074 1343 micetio
1113 1279 1272 1337 dicia:
1314 1273 1570 1335 Ecclesia:
1610 1279 1661 1330 S.
1693 1274 1918 1344 Marci,
1958 1271 2011 1327 ἃ
2039 1269 2127 1327 di·

833 1361 996 1420 leffis
1040 1357 1172 1416 filiis
1214 1351 1476 1428 capitulo
1514 1349 1764 1422 ejusdem
1803 1346 2048 1407 ecclesia:
2074 1352 2127 1437 S.

832 1436 1063 1510 Joannis
1094 1476 1113 1505 .,
1155 1430 1247 1489 vel
1289 1427 1582 1504 quibusvis
1639 1424 1770 1485 aliis
1812 1441 2130 1514 commu-nt-

833 1530 960 1583 ter,
1004 1508 1095 1567 vel
1136 1504 1359 1565 divisim
1403 1504 1477 1561 ab
1517 1502 1715 1570 eadem
1758 1501 1827 1570 sir
1854 1502 1992 1559 Sede
2036 1519 2126 1557 in·

834 1589 1096 1645 dultum.
1134 1582 1302 1653 Quod
1331 1579 1402 1640 ad
1422 1581 1845 1652 receptionem,
1888 1576 1977 1635 vel
1996 1590 2128 1653 pro-³

835 1661 1110 1720 visionem
1153 1657 1394 1729 alicujus
1426 1657 1663 1714 minime
1691 1669 2033 1725 teneantur,
2074 1651 2128 1708 &

832 1739 907 1798 ad
949 1737 1004 1794 id
1034 1734 1339 1812 compelli,
1378 1747 1480 1791 aut
1506 1732 1659 1808 quod
1688 1728 1987 1801 interdici,
2021 1727 2128 1786 sus·

837 1814 1043 1891 pendi,
1086 1812 1177 1870 vel
1220 1808 1704 1869 excommunicari
1760 1826 1886 1876 non,
1918 1804 2127 1881 possint

875 1889 1095 1966 uodque
1144 1887 1219 1945 de
1270 1883 1652 1965 dignitatibus
1708 1882 1873 1956 ipsius
1926 1881 2128 1971 lflccle-

796 1912 924 2026 sia:
962 1971 1013 2024 S.
1056 1964 1284 2037 Ioannis
1313 2004 1332 2033 .,
1392 1959 1483 2019 vel
1528 1959 1658 2017 aliis
1701 1958 1992 2016 beneficus
2033 1975 2127 2016 ec·

838 2041 1159 2101 clesiasticis
1200 2038 1273 2098 ad
1313 2054 1510 2094 eorum
1535 2033 1955 2107 collationem,
2001 2052 2128 2108 pro·

1214 2112 1707 2194 praesentationem
1739 2153 1755 2182 ,
1809 2109 1900 2171 seu
1953 2129 2127 2184 quam

832 2193 1011 2252 aliam
1050 2189 1472 2265 dispositionem
1514 2189 1870 2258 conjuntim,
1914 2185 2004 2243 vel
2049 2185 2128 2244 se-

832 2270 1085 2345 paratim
1128 2264 1541 2342 spectantibus,
1585 2263 1731 2320 nulli
1765 2262 1956 2321 valeat
2001 2280 2129 2335 pro·

718 2394 721 2399 .
833 2345 1020 2403 videri
1062 2361 1162 2418 per
1202 2341 1401 2399 literas
1440 2336 1779 2415 apostolicas
1808 2381 1826 2412 ,
1882 2357 1997 2396 non
2040 2337 2128 2396 sa-

835 2422 1053 2478 cientes
1083 2419 1312 2494 plenam
1356 2416 1408 2473 8:
1436 2415 1783 2489 expressam,
1809 2432 1876 2473 ac
1903 2413 1976 2472 de
2005 2432 2131 2472 ver·

835 2496 913 2556 bo
968 2493 1041 2553 ad
1078 2493 1329 2566 ,verbum
1382 2491 1453 2549 de
1508 2489 1737 2549 indulto
1802 2488 2129 2563 hujusmodi

835 2572 1193 2629 mentionem
1224 2611 1242 2641 ,
1284 2569 1334 2625 ἃ
1374 2566 1636 2645 qualibet
1679 2567 1798 2627 alia
1838 2566 1999 2625 'dista
2038 2571 2129 2624 Se-

831 2647 918 2705 dis
961 2644 1322 2724 indulgentia
1372 2642 1683 2720 generali,
1741 2640 1834 2702 vel
1893 2641 2125 2717 speciali

834 2723 1217 2798 cujuscunque
1259 2723 1478 2781 tenoris
1518 2719 1724 2777 existat
1753 2761 1770 2791 ,
1814 2738 1914 2793 per
1954 2738 2129 2807 quam

832 2797 1198 2876 praesentibus
1239 2815 1352 2854 non
1396 2796 1743 2869 expressam,
1798 2797 1889 2853 vel
1934 2793 2133 2876 totali·

833 2891 928 2933 tet·
969 2893 1081 2932 non
1126 2872 1396 2930 insertam
1440 2869 1669 2928 effe-&us
1708 2889 1903 2927 earum
1950 2873 2130 2945 impe·

747 2978 788 2984 ··
836 2950 961 3008 dire
1003 2948 1198 3009 valeat
1240 2945 1676 3024 quomodolibet
1732 2944 1824 3003 vel
1863 2945 2132 3019 differri,

835 3027 887 3083 ἃ
931 3025 1001 3082 de
1042 3043 1157 3099 qua
1195 3023 1465 3098 cujusque
1507 3036 1637 3078 toto
1678 3036 1879 3079 tenore
1920 3021 2132 3080 haben-

836 3101 911 3159 da
951 3101 1021 3159 fit
1064 3103 1123 3156 in
1167 3099 1370 3158 nostris
1410 3097 1596 3159 literis
1648 3099 1874 3156 mentio
1916 3099 2129 3172 specia-

840 3174 945 3247 lis,
986 3189 1086 3232 aut
1129 3174 1168 3232 st
1210 3174 1391 3233 dicius
1417 3171 1851 3249 Christophorus
1894 3174 2130 3249 praesens

839 3270 955 3308 non
1000 3249 1178 3308 fuerit
1217 3248 1290 3308 ad
1331 3248 1699 3325 prestandum
1725 3249 1799 3308 de
1828 3250 2132 3309 observan-

840 3325 929 3385 dis
983 3325 1255 3399 statutis,
1308 3325 1360 3383 ἃ
1416 3325 1917 3383 consuetudinibus
1971 3327 2131 3384 dieta

841 3400 1100 3465 Ecclesia:
1115 3407 1167 3463 S.
1193 3403 1427 3477 Joannis
1441 3400 1676 3460 solitum
1706 3401 2092 3478 juramentum
2112 3442 2131 3462 .

1397 420 1553 524 DE
1620 441 2164 523 Eccmzsm
2233 423 3072 526 PanocuiAira--ss

2227 586 2555 644 Dummodo
2609 590 2666 645 in
2720 588 2980 650 absentia
3018 591 3115 652 sua
3169 612 3270 670 per
3312 599 3515 659 Procu-

2230 679 2482 720 ratorem
2525 664 2827 739 idoneum,
2870 668 2920 726 ἃ
2964 686 3093 727 cum
3122 671 3195 730 ad
3224 672 3518 735 ecclesiam

2230 737 2403 810 ipsam
2442 745 2496 796 S.
2536 744 2767 811 Joannis
2807 745 3102 805 accesserit
3130 751 3515 823 corporaliter

2229 814 2373 871 illud
2429 817 2646 889 praestet
2678 856 2695 874 .
2750 820 2871 876 Nos
2926 825 3078 880 enim
3134 842 3263 883 cum
3309 826 3510 885 eodem

2225 890 2666 963 christophoro,
2709 908 2772 969 ut
2814 913 2927 953 una
2967 916 3096 955 cum
3136 899 3290 959 dicia
3321 901 3516 963 Fleba-

2224 966 2325 1022 nia
2365 964 2404 1023 si
2449 968 2547 1025 sibi
2593 969 2788 1046 vigore
2846 971 3199 1046 praesentium
3253 978 3516 1038 confera-

2229 1057 2325 1099 tur
2362 1043 2673 1102 Ecclesiam
2727 1050 2779 1102 S.
2822 1050 3004 1106 Lucia:
3059 1050 3378 1125 praediflam
3434 1057 3520 1113 in-

2224 1118 3073 1194 fimulquoadvixeritretinere
3111 1125 3319 1201 libere,
3361 1129 3413 1187 ἃ
3444 1132 3516 1189 li·

2228 1197 2343 1252 cite
2389 1195 2582 1254 valeat
2619 1200 2918 1257 Generalis
2957 1201 3208 1261 Concilii
3238 1248 3257 1277 ,
3299 1204 3352 1263 &-
3389 1208 3518 1284 qui·

2230 1270 2419 1328 buevis
2475 1270 2604 1328 aliis
2658 1275 3191 1352 constitutionibus,
3248 1281 3300 1337 ἃ
3355 1283 3516 1342 ordi·

2231 1347 2564 1406 nationibus
2617 1349 2943 1423 apostolicis
2995 1371 3063 1412 ac
3118 1354 3343 1415 statutis
3375 1399 3394 1429 ,
3459 1359 3514 1416 ἃ
3630 1360 3641 1371 ‘

2229 1423 2728 1482 consuetudinibus
2769 1427 3100 1503 supradiflis
3130 1472 3146 1501 ‚
3189 1435 3520 1512 caeterisque

2198 1501 2542 1557 ·contrariis
2597 1518 2955 1579 nequaquam
3006 1505 3366 1568 obstantibus
3419 1529 3520 1570 au-

2231 1577 2473 1634 toritate
2527 1576 2840 1648 apostolica
2892 1593 3093 1640 tenore
3163 1583 3520 1657 praesentium

2229 1649 2301 1708 de
2355 1651 2612 1725 specialis
2652 1652 2810 1711 dono
2864 1652 3067 1733 gratiae
3104 1657 3518 1734 dispensamus.

2233 1728 2459 1785 Proviso
2497 1729 2653 1805 quod
2708 1730 2976 1790 Plebania
3006 1775 3026 1806 ,
3080 1733 3132 1791 ἆ
3174 1737 3425 1797 Ecclesia
3465 1742 3517 1796 S.

2230 1804 2415 1863 Lucia
2474 1805 2742 1880 praedista:
2782 1807 2994 1867 debitis
3033 1827 3344 1885 propterea
3398 1832 3516 1873 non

2230 1877 2571 1940 fraudentur
2607 1882 2921 1959 obsequiis,
2962 1885 3015 1943 ἃ
3054 1889 3380 1948 animarum
3421 1908 3525 1949 cud

2233 1975 2297 2015 ra
2338 1958 2395 2014 in
2441 1959 2523 2016 eis
2563 1957 2893 2021 nullatenus
2928 1960 3293 2041 negligatur.
3335 1971 3410 2023 Et
3439 1968 3528 2025 in⁴

2229 2031 2394 2108 super
2447 2032 2488 2091 fi
2544 2033 2723 2093 dieius
2779 2037 3216 2113 Christophorus
3269 2041 3345 2100 ad
3411 2042 3530 2101 hoc

2232 2124 2491 2183 repertus
2529 2109 2706 2169 suerit
2738 2111 2973 2172 idoneus
3015 2117 3044 2185 (
3076 2131 3140 2175 ut
3166 2117 3466 2193 praesertur
3499 2123 3527 2195 )

2229 2204 2298 2243 ex
2318 2202 2468 2243 nunc
2510 2187 2744 2260 perinde
2785 2190 3014 2249 irritum
3040 2190 3431 2267 decernimub,
3469 2196 3526 2254 ⁸:

2230 2262 2451 2335 inane,
2505 2262 2545 2320 si
2599 2262 2755 2322 secus
2794 2264 2959 2342 super
3010 2267 3100 2326 his
3155 2287 3192 2328 a
3231 2288 3531 2348 quoquam

2223 2339 2434 2413 quavis
2450 2340 2774 2399 autoritate
2802 2341 3076 2417 scienter,
3118 2344 3211 2403 vel
3253 2350 3527 2424 ignoran-

2231 2428 2323 2471 ter
2363 2416 2676 2491 contigerit
2717 2421 3035 2492 attentari,
3075 2438 3144 2478 ac
3173 2419 3531 2500 sidataprae·

2231 2489 2476 2548 sentium
2514 2489 2699 2550 eidem
2737 2493 3149 2569 christophoro
3186 2496 3260 2555 ad
3300 2499 3412 2559 hoc
3436 2520 3528 2559 re·

2231 2579 2401 2640 perto
2453 2566 2666 2624 idoneo
2721 2569 2791 2626 de
2846 2568 3000 2629 dista
3056 2570 3323 2634 Flebania
3395 2594 3531 2635 cunr

2233 2641 2670 2716 interpositione
2697 2641 2914 2703 dec'reti
2955 2648 3353 2709 mandavimus
3396 2668 3527 2728 pro-

2233 2715 2416 2775 videri
2449 2758 2464 2774 .
2521 2722 2739 2777 Datum
2782 2725 2976 2780 Romae
3014 2724 3164 2798 apud
3201 2730 3255 2783 S.
3296 2731 3528 2787 Petrum

2233 2798 2402 2852 Anno
2418 2797 2845 2854 Incarnationis
2862 2801 3176 2858 Dominicae
3216 2801 3526 2863 millesimo

2231 2869 2688 2947 quingentesimo
2741 2874 2997 2947 quinto.
3066 2880 3274 2935 Tertio
3341 2898 3526 2938 nonae

2234 2945 2580 3082 Noiziembris
2618 2945 2996 3011 Pontificatus
3022 2953 3217 3013 Nostri
3245 2960 3417 3016 Anno
3430 2961 3523 3015 Se·

2234 3041 2346 3081 cun
2390 3040 2458 3080 o.

2542 3182 2786 3249 Joannes
2823 3179 2894 3240 de
2908 3179 3222 3262 ‘Madrigal
3241 3224 3258 3242 .

2425 3328 2661 3391 Gabriel
2714 3332 2785 3390 de
2836 3334 3196 3396 Gabrielibus
3248 3338 3526 3399 Notarius

2542 3407 2924 3486 exemplavit.

3283 4556 3432 4626 An·
