3934 5359
892 328 997 412 28
1358 321 1517 407 DE
1578 318 2123 404 Eccinsii
2189 301 2880 403 P'Anociiiii'tr
3179 310 3198 350 '

756 487 810 575 ,‚
863 479 1001 555 bus
1043 469 1475 577 supradiffis
1497 469 1857 552 Dominis
1897 468 2107 551 Viris
2158 468 2234 547 8(
2273 467 2613 547 Notariis
2651 462 3188 567 infrascriptiS,
3236 465 3450 569 cujus

757 630 812 677 ,‚
864 597 1086 658 tenor
1139 600 1266 675 per
1318 572 1602 676 fingula
1656 571 1827 651 talis
1879 571 2039 651 est:
2431 587 2438 636 ἰ
2771 617 2782 628 ·

858 732 914 775 ,‚
967 680 1060 755 In
1102 675 1444 755 Nomine
1489 672 1814 752 Domini
1852 674 2006 755 Dei
2048 668 2357 751 Eterni.
2411 673 2837 773 Imperante
2891 670 3239 750 Domino
3293 673 3455 752 No-

760 830 815 876 „
865 778 1012 857 stro
1054 776 1396 857 Henrico
1437 778 1961 856 Romanorum
2024 777 2483 875 Imperatore
2524 773 2864 874 Augusto
2905 774 3139 852 Anno
3181 774 3457 854 Domi-

761 931 818 976 „
869 878 951 956 ni
997 876 1417 957 Millesimo
1488 875 1895 957 centesimo
1947 899 2146 954 nona
2198 872 2427 955 efimo
2474 895 2791 975 quarto,
2843 874 3112 956 mensis
3134 875 3455 956 Decem⁴

764 1032 819 1077 „
871 977 1025 1059 bris
1076 1001 1288 1058 xiiii.
1342 977 1465 1056 die
1515 997 1841 1058 exeunte
1883 1034 1902 1055 .
1957 976 2127 1057 Indi
2208 974 2382 1054 ione
2420 996 2560 1055 xii.
2634 975 3276 1082 Iustinopolitanae
3327 974 3462 1056 Ci-

763 1132 821 1176 „
872 1078 1131 1160 vitatis
1183 1080 1266 1158 in
1317 1077 1621 1180 publica
1662 1078 2071 1159 Concione
2113 1074 2405 1155 astum.
2979 1077 2988 1088 ‘
3299 1099 3307 1106 ·

862 1229 924 1278 „
968 1178 1397 1262 Almericus
1493 1178 1934 1280 ustinopolis
1983 1175 2314 1275 Reaor,
2361 1175 2440 1254 8<
2488 1176 2581 1256 de
2631 1178 3062 1262 Communi
3113 1176 3460 1261 Consilio

761 1331 818 1379 ,‚
867 1281 1302 1361 Consulum
1342 1336 1370 1377 ,
1469 1278 1844 1376 udicum,
1891 1279 1965 1358 8<
2022 1277 2258 1358 totius
2305 1274 2673 1358 Civitatis
2723 1280 3071 1361 Confilio
3121 1280 3396 1382 pariter
3435 1333 3467 1376 ,

756 1429 817 1479 „
866 1380 942 1461 &
992 1383 1317 1479 assensu,
1367 1377 1769 1460 Cartulam
1822 1378 2167 1476 notitiae,
2213 1379 2291 1460 8<
2340 1379 2755 1460 securitatis
2795 1407 2929 1483 pro
2971 1381 3241 1460 futuris
3269 1401 3468 1460 tem·

762 1534 822 1581 „
873 1483 1181 1582 poribus
1234 1483 1325 1561 ad
1378 1481 1828 1561 memoriam
1880 1480 2352 1562 retinendam
2396 1506 2521 1561 me
2545 1482 3024 1562 Ambrosium
3052 1480 3468 1561 Notarium

758 1634 816 1679 „
865 1582 1183 1663 scribere
1236 1582 1575 1686 rogavit.
1625 1584 1861 1686 Super
1913 1582 2062 1665 hoc
2113 1583 2511 1686 equidem,
2561 1584 2767 1686 quod
2807 1584 2888 1662 iri
2935 1582 3238 1686 publica
3255 1582 3471 1659 Con-

754 1734 822 1780 „
873 1681 1145 1780 cione,
1196 1684 1627 1764 Communi
1680 1684 2225 1765 deliberatione
2266 1740 2294 1783 ,
2361 1705 2448 1764 ut
2501 1683 2936 1787 praediE'tum
2988 1682 3094 1763 est
3135 1737 3164 1778 ,
3215 1679 3467 1759 statuit

762 1836 820 1881 ‚‚
871 1783 945 1862 8<
1000 1787 1514 1901 promulgavit
1566 1786 1943 1889 perpetuis
1995 1787 2462 1888 temporibus
2486 1788 2580 1866 ad
2619 1788 2992 1867 honorem
3035 1782 3189 1863 Dei
3242 1782 3317 1860 8<
3356 1779 3470 1859 sui

762 1933 824 1983 3,
875 1885 1363 1989 Episcopatus
1416 1909 1964 1989 augumentum
2008 1887 2559 1968 inviolabiliter
2609 1888 3202 1968 observandum.
3253 1881 3365 1963 Ut
3417 1880 3470 1959 fi

764 2037 825 2082 ‚,
871 2012 1018 2087 qua
1071 1989 1391 2068 Persona
1441 2009 1596 2068 tam
1649 1989 1864 2069 diRae
1905 1989 2338 2087 Civitatis(
2363 2014 2528 2092 quae
2581 2015 2787 2069 nunc
2843 1990 3125 2083 habet,
3176 1985 3303 2064 vel
3346 1984 3469 2060 ha

664 2121 671 2134 1
763 2138 823 2185 „
873 2087 1123 2201 bitura
1173 2090 1277 2167 est
1321 2088 1646 2168 Vineam
1701 2093 1789 2171 ad
1829 2091 2362 2195 Episcopatum
2417 2091 2975 2193 pertinentem,
3026 2109 3182 2167 tam
3227 2087 3318 2163 de
3363 2110 3471 2163 re-

764 2238 821 2282 „
871 2187 1153 2268 ditibus
1206 2191 1277 2269 S.
1322 2190 1784 2291 Michaelis,
1833 2217 2065 2295 quam
2114 2196 2207 2272 de
2248 2194 2681 2273 Communi
2734 2192 2935 2288 disto
2987 2185 3470 2290 Episcopatui

763 2339 820 2384 ‚‚
871 2288 947 2368 &
997 2291 1392 2372 annuatim
1447 2314 1781 2397 tempore
1826 2294 2254 2375 Vindemiae
2308 2324 2464 2376 non
2496 2295 2805 2375 solverit
2845 2288 3330 2398 Episcopatui
3371 2311 3464 2368 ex

764 2438 820 2484 ,‚
871 2390 1320 2491 ipsa-Vinea
1372 2420 1600 2511 quam
1654 2397 1885 2476 habet
1936 2399 2033 2476 ab
2081 2398 2240 2501 ipso
2289 2394 3181 2501 Episcopatu,-re8tum,
3233 2390 3471 2488 &in-

760 2540 820 2585 ²‚‚
870 2511 1171 2611 regrum
1206 2496 1648 2612 redditum,
1700 2500 1827 2579 vel
1878 2499 2353 2599 depraehendi
2408 2501 2733 2602 poterit,
2784 2499 2912 2578 vel
2959 2493 3315 2578 convinci
3361 2517 3471 2570 ra-

765 2639 823 2687 „
872 2597 1414 2695 tionabiliter,
1488 2600 1571 2678 in
1621 2601 1984 2700 qualitate
2026 2655 2058 2697 ‚
2125 2604 2248 2683 vel
2301 2603 2384 2682 in
2436 2601 2865 2704 quantitate
2916 2598 3297 2681 redditum
3349 2593 3469 2672 de-

760 2743 820 2789 „
869 2691 1273 2813 fraudasse,
1324 2699 1595 2780 deinde
1636 2701 2016 2799 Vineam,
2067 2728 2296 2805 quam
2337 2707 2432 2784 ab
2477 2703 2932 2806 Episcopatu
2987 2701 3350 2779 habuerat
3394 2694 3475 2772 fi-

718 2832 821 2892 >‚2
873 2819 969 2874 ne
1023 2799 1273 2900 aliqua
1326 2802 1769 2903 exceptione
1811 2802 2191 2883 restituat.
2244 2805 2659 2907 Episcopus
2704 2831 2885 2883 vero
2936 2802 3068 2902 qui
3113 2827 3246 2901 pro
3285 2819 3473 2909 tem·

762 2943 819 2991 »
867 2917 1050 3076 ἔξω
1099 2899 1377 3014 suerit,
1426 2905 1551 2980 vel
1606 2902 1762 3000 ejus
1814 2906 2152 2984 Nuntius
2196 2906 2524 2986 Vineam
2578 2907 2810 3009 ipsam
2863 2896 3471 2989 intromittendi,

760 3045 817 3092 ‚,
993 3001 1358 3102 quidquid
1412 3003 1743 3082 voluerit
1795 3004 2120 3085 faciendi
2171 3006 2489 3087 liberam
2545 3008 2819 3086 habeat
2872 3001 3350 3107 potestatem.

866 3099 1172 3212 θ,ιΙῑεῐῐι
1205 3102 1268 3180 -fi
1312 3128 1461 3218 qua
1499 3105 1806 3206 persona
1850 3107 2202 3212 deinceps
2249 3137 2480 3213 usque
2521 3110 2616 3188 ad
2659 3105 2957 3187 Festum
3016 3096 3468 3211 Purificatio-

771 3250 826 3296 „
878 3201 1109 3314 nis-S.
1154 3202 1427 3282 Mariae
1478 3206 1871 3287 annuatim
1928 3236 2083 3289 nori
2138 3212 2493 3306 solverit,
2547 3235 2686 3290 nec
2742 3208 3062 3286 solutam
3119 3200 3469 3278 habuerit

765 3347 819 3395 n
871 3299 1464 3415 decimationem
1519 3307 1753 3388 totius
1806 3309 1916 3387 sui
1971 3313 2148 3392 Olei
2193 3368 2219 3408 ‚
2292 3315 2494 3414 quod
2547 3310 2680 3389 fibi
2735 3310 2948 3386 Deus
3000 3301 3287 3383 dederit
3338 3296 3472 3401 ipsi

763 3453 819 3496 2,
866 3401 1401 3516 Episcopatui,
1456 3410 1580 3487 vel
1602 3411 2022 3513 Episcopo,
2071 3415 2416 3515 ‘quitunc
2439 3413 2624 3505 erit,
2673 3410 2799 3488 vel
2824 3408 2980 3506 ejus
3022 3427 3230 3486 certo
3254 3404 3472 3518 Nuti-

759 3554 815 3598 9,
869 3523 1174 3600 tiO‚.ex
1226 3529 1405 3588 tunc
1460 3508 1691 3610 ipsam
1736 3513 2356 3593 Decimationem
2415 3514 2493 3592 in
2537 3511 2856 3609 duplum
2899 3509 3282 3602 restituat,
3333 3502 3476 3582 nifi

764 3653 820 3698 „
870 3602 1100 3720 fuerit
1152 3608 1244 3722 de
1300 3609 1827 3692 Misericordia
1882 3615 2153 3717 Episco
2205 3617 2232 3694 i
2284 3617 2414 3715 qui
2470 3637 2653 3692 tunc
2708 3612 2852 3691 erit
2897 3671 2916 3689 .
2993 3611 3312 3709 Signum
3363 3604 3473 3682 su-

761 3755 815 3798 „
865 3704 1175 3821 pradiffli
1222 3710 1588 3793 Almerici
1642 3715 1787 3815 qui-
1827 3718 2089 3795 omnia
2139 3643 2626 3816 {iprascripta
2660 3715 2752 3795 de
2795 3709 3228 3801 Communi
3270 3710 3478 3788 Con-

766 3855 825 3900 „
872 3806 1086 3904 silio,
1140 3830 1224 3888 ut
1277 3811 1489 3914 supra
1544 3814 1829 3922 dietum
1883 3816 1989 3895 est
2039 3819 2337 3918 rogavit
2390 3816 2597 3898 fieri.

806 3971 809 3972 *
865 4007 921 4052 ‚,
1021 3955 1683 4075 Ego-Ambrosius
1754 3966 2187 4066 supradie'tae
2239 3964 2607 4047 Civitatis
2674 3963 3159 4072 Iustinopolis
3237 3971 3530 4051 Nota-'

886 4100 893 4107 ·
976 4069 985 4084 ·
1170 4085 1329 4140 rius
1382 4087 1608 4142 manu
1664 4068 1959 4168 propria
2016 4067 2303 4168 scripsi.
3295 4079 3302 4086 '
3471 4067 3490 4084 ’

889 4201 1012 4280 Ad
1086 4205 1537 4302 Cretensem
1610 4208 1792 4285 inde
1836 4209 2138 4300 sedem
2219 4218 2623 4300 translatus
2695 4223 2798 4303 est
2874 4252 3076 4306 anno
3155 4223 3478 4307 Domini

766 4299 1243 4400 Mccciixiv..
1291 4311 1493 4390 circa
1547 4307 1832 4404 finem3
1886 4308 2007 4390 die
2063 4312 2267 4399 enim
2324 4321 2617 4403 decima
2669 4327 2854 4427 Julii
2909 4330 3236 4432 ejusdem
3294 4324 3482 4404 anni

3138 4431 3391 4510 Divus
