3934 5359
891 377 2555 492 SANCT1JUL1AN1MARTYRIS.
2796 412 2960 495 337

382 533 859 637 oelfigamus‚
910 531 1130 609 simul
1186 555 1361 609 cum
1408 529 1846 610 Ordinis'B.
1875 531 2087 611 Pauli
2135 529 2883 633 primordiis‘famam
2929 539 3092 617 vul-

373 638 537 739 gari
589 634 870 735 caepisse
922 635 1012 711 de
1066 630 1489 711 transvecto
1538 631 1625 710 in
1687 632 2165 733 Hungariam
2220 634 2470 716 Sanffi
2522 635 2881 719 Eremitae
2933 664 3105 721 cora

276 831 280 835 ἢ
376 763 562 841 pore
618 761 771 815 non
816 733 1165 812 Venetiis
1217 733 1336 812 sed
1392 759 1485 813 ex
1532 734 1913 836 AEgypto.
2885 810 2894 817 .

288 830 301 839 “
481 839 695 917 Num
755 858 1142 937 propterea
1204 835 1579 917 Ludovici
1644 836 1877 936 Regis
1949 834 2208 917 animo
2259 836 2576 935 insedit,
2630 858 2712 919 ut
2764 840 3104 944 Rempu·

370 939 656 1019 blicam
707 939 1079 1019 Venetam
1133 956 1246 1016 tot
1304 937 1523 1018 bellis
1575 937 1981 1017 lacessitam
2033 959 2338 1039 cogeret
2379 964 2429 1040 q
2585 966 2684 1021 uo
2727 942 3110 1023 modoad

369 1040 580 1120 sacra
632 1028 912 1139 lipsana
964 1038 1445 1118 concedenda
1482 1098 1501 1116 .
1577 1039 1667 1117 Id
1716 1039 2041 1118 minime
2093 1038 2376 1118 saelum
2454 1040 2547 1121 ha
2626 1067 2810 1124 enus
2862 1042 3098 1122 osten-

372 1139 668 1225 dimus:
722 1162 797 1218 at
855 1140 1029 1219 inde
1082 1139 1281 1218 fama
1332 1139 1610 1219 exoriri
1662 1139 1953 1219 fortasse
2026 1141 2274 1241 potuit
2316 1195 2344 1237 ,
2414 1167 2577 1242 quae
2633 1144 2880 1243 vulgo
2945 1168 3102 1245 per-

369 1241 641 1338 suasit,
695 1242 889 1344 apud
934 1241 1336 1342 Hungaros
1387 1240 2209 1325 adservariBeatiffimi
2252 1242 2610 1325 Eremitae
2662 1270 2933 1344 corpus
3002 1267 3104 1324 ex

526 1367 714 1445 ypto
770 1345 1262 1440 translatum,
1315 1365 1401 1422 ut
1443 1342 1739 1442 ajebant
1783 1343 1963 1439 alii,
2017 1343 2368 1425 avectum
2392 1345 2788 1440 Venetii5‚
2834 1367 2917 1433 ut
2964 1346 3110 1426 alii.

366 1443 441 1548 ja
520 1448 794 1524 abant.
851 1446 995 1526 His
1036 1470 1191 1548 pro.
1216 1444 1535 1524 veritate
1564 1444 1979 1546 .expofiti3‚
2035 1445 2312 1546 poterit
2354 1444 2670 1547 quisque
2722 1446 2927 1529 haud
2966 1446 3106 1526 dif-

366 1542 679 1629 ficulter
733 1547 934 1625 inter
989 1567 1102 1626 tot
1158 1544 1461 1644 rejectas
1512 1546 1822 1626 fabellas
1875 1566 2161 1627 certam
2206 1546 2299 1624 de
2340 1572 2657 1649 corpore
2697 1546 3100 1631 Divi'Pau-

366 1642 435 1827 {i
480 1648 833 1764 Venetiis
884 1648 968 1727 in
1022 1648 1174 1727 aede
1221 1646 1800 1748 Sanffi21u1iani
1840 1646 2296 1750 quiescentis
2348 1672 2485 1750 pro
2538 1648 2859 1733 veritate
2913 1649 3150 1732 ferre·

404 1770 875 1843 ententnam.

470 1851 705 1931 Haud
758 1852 987 1953 longe
1039 1880 1082 1932 a
1134 1852 1328 1933 Divi
1368 1851 2010 1955 IulianiEcclefia¹
2055 1854 2254 1935 intra
2297 1850 2518 1954 ipsius
2563 1852 2912 1937 Paroeciae
2955 1872 3100 1933 ter-

369 1950 633 2035 minos
675 1950 1006 2033 Ecclesia
1049 1956 1120 2034 S.
1164 1955 1443 2034 Crucis
1497 1956 1727 2034 titulo
1780 1952 1911 2033 fita
1963 1955 2068 2035 est
2107 2012 2135 2054 ‚
2205 1980 2458 2058 quam,
2490 1953 2770 2034 divinis
2821 1954 3101 2037 officiis

367 2057 894 2234 Armgnorum
961 2054 1200 2135 Natio
1271 2055 1617 2157 religiose
1712 2056 2136 2158 frequentat
2182 2114 2201 2135 .
2299 2056 2494 2147 Haec
2559 2055 2715 2154 ejus
2788 2054 3100 2139 fuerunt

372 2179 571 2235 exor
623 2182 732 2235 1a.

438 2259 715 2336 ‘Petro
756 2256 980 2337 Ziani
1025 2312 1054 2354 ‚
1104 2260 1237 2360 qui
1282 2261 1527 2341 Ducis
1580 2260 2034 2362 dignitatem
2086 2260 2426 2343 obtinuit
2481 2259 2915 2362 diequinta
2952 2264 3105 2341 Au-

370 2355 582 2458 gusti
636 2357 816 2439 anni
873 2356 1256 2439 millesimi
1298 2360 1801 2440 ducentesimi
1893 2362 2141 2458 uinti,
2192 2363 2395 2445 filius
2436 2360 2578 2439 fuit
2607 2362 2917 2442 Marcus
2971 2361 3132 2450 ille,
3195 2438 3201 2443 .

242 2468 247 2473 “
376 2457 619 2540 Ziani
671 2485 716 2535 a
770 2485 922 2559 quo
986 2462 1503 2540 Armenorum
1573 2463 1835 2541 natio.
1889 2488 2154 2541 omum
2228 2486 2324 2539 ex
2396 2463 2650 2561 legato
2704 2462 3038 2562 agnoscit
3079 2513 3115 2559 2

371 2584 615 2664 quam
673 2558 889 2655 intra,
921 2561 1108 2643 fines
1140 2562 1508 2645 *Paroeciae
1552 2564 1623 2642 S.
1666 2562 1951 2664 Juliani
2007 2563 2355 2665 poffidet.
2411 2563 2598 2641 Haec
2650 2563 2823 2642 sunt
2876 2563 3114 2643 verba

371 2662 460 2743 in
516 2661 683 2762 ipso
737 2654 1647 2745 donatorifftestarnento
1681 2663 2030 2745 confeao
2083 2665 2210 2744 die
2258 2689 2332 2742 v.
2384 2663 2569 2763 Julii
2626 2687 2830 2741 anno
2891 2688 3114 2762 1253.

371 2770 764 2861 Domum,
819 2761 899 2840 in
936 2793 1082 2865 qua
1122 2788 1431 2845 manent
1471 2764 1830 2865 Armeni,
1879 2760 2272 2863 volumus,
2319 2787 2403 2842 ut
2435 2760 2586 2865 „ipfi
2640 2761 2719 2840 in
2772 2791 2862 2842 ea
2903 2766 3107 2867 stare

370 2861 705 2946 debeant
723 2919 749 2963 ,
798 2863 901 2944 δ’
938 2864 1506 2968 quandocunque
1539 2864 1781 2969 fuerit
1818 2889 2296 2967 opportunum
2335 2864 2671 2946 eamdem
2712 2861 2806 2944 de
2854 2860 3113 2969 nostris

370 2962 593 3047 bonis
643 2965 976 3046 conciare
1026 2965 1380 3049 debeant.
1434 2969 2010 3050 Comm'ffarios
2060 2990 2319 3051 autem
2369 2995 2559 3070 quos
2610 2986 2891 3048 vocant
2933 3021 2961 3063 ,
3012 2963 3115 3051 es·

378 3066 461 3148 se
518 3067 716 3167 juffit
770 3066 971 3150 inter
1021 3092 1343 3151 coeteros
1415 3071 1647 3150 etiam
1704 2998 2234 3151 lgrocuratores
2307 3070 2555 3171 operis
2626 3065 2977 3178 Ecclesiae
3031 3066 3107 3145 S.

372 3168 684 3278 Marci:
741 3168 1261 3272 Constituimus
1310 3176 1576 3274 nostros
1614 3170 2153 3274 Cpmmiffarios
2203 3200 2355 3251 una
2416 3198 2582 3253 cum
2644 3165 2943 3270 reliquas
2989 3166 3119 3267 su·
3219 3256 3238 3283 s

356 3267 944 3369 pgrvsventibus
987 3281 1169 3353 DD.
1209 3283 1712 3355 Procuratores
1754 3271 2001 3372 Operis
2040 3268 2375 3373 Ecclestae
2413 3282 2487 3351 S.
2533 3271 2825 3351 Marci.
3063 3366 3088 3383 .
3186 3288 3220 3365 s

426 3446 439 3459 ‚
502 3370 977 3463 Habueritne
1034 3372 1193 3454 haec
1247 3374 1517 3454 domus
1568 3373 2558 3455 domesticumoratorium
2612 3373 3142 3472 iisttemponffi
3189 3422 3202 3434 1

386 3472 589 3567 buS‚
641 3498 799 3551 non
855 3472 960 3551 ita
1000 3471 1392 3576 frequens,
1446 3502 1543 3554 an
1588 3476 1838 3571 ἴσως,
1891 3475 2116 3576 plane
2155 3474 2632 3575 ignoramuS.
2689 3472 2891 3552 Illud
2933 3495 3115 3550 con-

378 3573 579 3670 stat,
632 3577 1010 3653 Armenos
1063 3602 1107 3654 a
1145 3577 1404 3655 Leone
1448 3577 1541 3655 X.
1596 3575 2038 3657 facultatem
2092 3575 2378 3677 petiiffe
2431 3576 2521 3653 ad
2592 3571 3121 3654 aedificandum

246 3769 257 3777 ,
380 3674 752 3755 sacellum
796 3730 824 3772 ‚
877 3673 1010 3754 ubi
1063 3701 1180 3757 res
1254 3678 1453 3756 sacra
1522 3677 1729 3776 juxta
1792 3683 2173 3759 Armenos
2248 3677 2436 3758 ritus
2507 3674 2763 3791 peragi
2838 3672 3122 3775 posset,

436 3802 717 3858 uorum
792 3776 1141 3878 precibus
1200 3780 1627 3878 Romanus.
1660 3779 2017 3858 Pontifex
2093 3779 2421 3881 benigne
2498 3796 2811 3857 annutt.
2881 3778 3120 3853 Anno

437 3878 663 3957 einde
714 3887 925 3979 1665.
980 3878 1102 3958 die
1149 3887 1264 3959 26.
1302 3879 1642 3980 Januarii
1693 3881 2167 3984 postularunt
2210 3881 2537 3961 Armeni
2589 3905 2632 3957 a
2672 3880 3113 3957 Procurato-

378 3980 603 4062 ribus
634 3980 743 4065 D.
787 3980 1093 4079 Marci,
1149 4000 1231 4061 ut
1285 3984 1645 4064 sacellum
1700 3983 1934 4064 nimis
1988 3982 2383 4086 angustum
2440 3978 2887 4083 amplificari
2940 3974 3123 4055 fine·

378 4099 615 4176 rent,
664 4081 871 4179 quod
921 4082 1042 4161 illi
1095 4081 1180 4161 in
1230 4085 1542 4181 omnia,
1594 4111 1759 4188 qua‘.
1812 4083 2149 4188 speetant
2202 4085 2296 4164 ad
2339 4085 2497 4165 Dei
2550 4082 2899 4175 cultum,
2948 4073 3125 4156 faci*

377 4184 501 4269 les
555 4180 887 4281 semper,
939 4184 1013 4261 8<
1065 4183 1288 4284 proni
1342 4185 1911 4286 perhumaniter
1962 4189 2521 4269 concesserunt.
2577 4183 2723 4264 Sed
2826 4200 3123 4257 uaecun-

378 4307 538 4388 que
593 4281 675 4361 in
724 4282 1148 4382 oppositum
1202 4283 1743 4369 insurrexerint
1786 4289 2336 4391 impedimenta
2383 4314 2502 4367 τω
2542 4304 2747 4365 certe
2800 4272 3117 4395 ,uccessh

382 4383 637 4468 caruit
681 4441 700 4459 .
776 4386 882 4465 At
956 4385 1204 4475 rursus
1254 4388 1460 4493 Anu.
1515 4390 1728 4491 1675.
1781 4389 1904 4473 die
1950 4420 2072 4488 29.
2113 4387 2438 4493 Augusti
2467 4420 2472 4429 “
2501 4388 2914 4494 Gregorius
2986 4401 3112 4481 qu:

546 4562 557 4571 .
617 4493 834 4579 Tom-
882 4493 1027 4572 III.
1126 4560 1129 4561 f
1960 4490 2115 4572 Vu
2721 4476 3012 4566 Glrach
