3934 5359
913 170 949 194 ‘
2126 186 2199 200 d

1019 351 1180 424 106
1486 341 1642 423 De
1703 342 2238 430 ECCLESIA
2304 347 2994 429 PAnocnuu

897 486 1077 549 tenda
1118 508 1221 548 nos
1262 508 1295 548 a
1336 492 1591 549 Domino
1630 494 1702 550 G.
1742 488 1812 549 de
1829 495 2033 549 Monte
2050 494 2195 548 Lon-

894 584 974 706 ξο
1012 566 1392 643 Tripolitano
1433 567 1617 627 elesto
1656 566 1993 644 Apostolicae
2036 566 2193 627 Sedis

924 659 1096 725 egato
1136 645 1291 720 (a)
1334 643 1498 720 hujus
1534 647 1761 705 tenoris
1814 642 2042 703 litteras
2101 661 2189 701 re·

888 720 1148 798 cepiffe.
1202 725 1276 782 G.
1333 720 1403 782 de
1460 727 1669 781 Monte
1722 727 1917 800 Longo
1973 719 2081 779 Dei
2137 720 2191 776 ἃ

895 797 1229 875 Apostolica
1282 802 1476 878 gratia
1532 798 1908 874 tripolitanus
1980 796 2189 855 elesius

886 873 2186 1012 Ἆὶἰῖἳέῑέἱξὲὲὶξίυἷξὸἳιῖἑίἑὲωέῗὶῗὲἑῗεῑῐ

890 1026 1219 1088 castellane
1249 1028 1501 1088 Diocesis
1542 1026 1835 1087 &dileetis
1875 1026 2014 1086 filiis
2032 1033 2189 1086 Mar·

898 1124 973 1164 co
1025 1105 1361 1182 Presbytero
1411 1104 1740 1164 Castellano
1806 1104 1859 1163 8t
1916 1105 2195 1184 Magistro

908 1180 1224 1241 Mansredo
1282 1179 1641 1241 Torcellano
1679 1181 1990 1239 Canonic-is
2045 1180 2192 1239 salu-

893 1274 1019 1320 tem
1079 1262 1139 1318 in
1182 1261 1479 1319 Domino.
1530 1262 1641 1317 Sua
1696 1257 1863 1316 nobis
1915 1254 2194 1334 plebanus

818 1385 826 1396 ,
897 1333 1149 1397 Ecclefie
1189 1340 1245 1395 S.
1284 1334 1534 1395 silvestri
1588 1333 1975 1393 insinuatione
2027 1351 2193 1391 mon·

893 1414 1132 1486 stravit,
1171 1411 1325 1489 quod
1366 1413 1505 1471 licet
1545 1414 1687 1469 Ven.
1728 1412 1785 1468 in
1828 1407 2057 1468 Christo
2093 1415 2193 1468 Pa-

800 1520 804 1523 ·
896 1508 991 1550 ter
1027 1487 1330 1549 Gradenfis
1383 1486 1592 1546 elestus
1634 1489 1686 1547 ei
1743 1485 1859 1547 fine
1915 1484 2192 1546 rationali

887 1565 1062 1629 causa
1104 1565 1427 1642 preceperit
1501 1579 1568 1624 ut
1606 1563 1882 1640 quosdam
1926 1561 2091 1639 palos
2127 1564 2187 1621 in

892 1660 1058 1704 terra
1096 1641 1343 1721 quadam
1384 1659 1420 1700 a
1499 1639 1677 1716 ipsam
1707 1637 2018 1698 Ecclesiam
2061 1657 2192 1716 per·

893 1723 1122 1781 tinente
1165 1737 1266 1794 per
1306 1736 1437 1776 eum
1493 1715 1706 1794 positos
1761 1717 2045 1776 removeri
2100 1716 2191 1775 fa·

890 1812 1088 1869 cerer,
1128 1793 1447 1869 &insuper
1490 1794 1625 1871 poni
1680 1793 1741 1850 in
1794 1810 1935 1851 arcu
1978 1792 2192 1867 positos

887 1872 1059 1949 super
1096 1870 1346 1949 quadam
1376 1886 1532 1928 terra
1561 1868 1729 1945 ipsius
1744 1867 1978 1927 ecclesie
2016 1887 2190 1944 quos·

892 1950 1030 2009 darn
1085 1946 1277 2011 trabes
1306 1988 1326 2020 ,
1378 1965 1521 2021 quos
1577 1945 1710 2003 inde
1766 1963 1872 2019 pro
1926 1944 2190 2004 utilitate

890 2026 1062 2103 ipsius
1105 2025 1322 2089 fecerat
1351 2023 1642 2093 amoveri,
1683 2018 1833 2079 idem
1862 2035 2055 2080 tamen
2073 2040 2191 2081 me·

890 2119 1062 2160 tuens
1116 2119 1188 2158 ne
1253 2100 1363 2157 hac
1428 2096 1724 2157 occasione
1779 2096 1881 2173 ipsi
1951 2095 2187 2158 ecclesie

895 2176 1274 2256 prejudicium
1290 2176 1656 2250 proveniret,
1695 2174 1747 2232 ἁ
1775 2172 2033 2250 prefatus
2066 2173 2188 2233 ele-

896 2257 1017 2316 &us
1059 2250 1345 2311 malitiose
1389 2251 1760 2327 procederet,
1800 2265 2014 2310 contra
2052 2271 2185 2312 eum

892 2332 969 2389 ad
1010 2328 1258 2389 nostram
1298 2326 1463 2386 duxit
1505 2326 1858 2387 audientiam
1889 2326 2187 2404 appellan-

892 2406 1066 2466 dum.
1104 2413 1242 2478 Quo
1271 2406 1428 2463 circa
1468 2404 1800 2462 discretioni
1841 2402 2043 2477 vestre,
2069 2423 2185 2480 qua

897 2483 1192 2561 fungimur
1207 2481 1585 2551 austoritate,
1628 2478 1961 2538 mandamus
1985 2521 2002 2551 ,
2040 2499 2181 2556 qua-

894 2576 1063 2619 tenus
1105 2557 1364 2635 partibus
1403 2557 1738 2615 convocatis
1778 2553 2182 2615 audiatiscau-

889 2635 1010 2695 sam
1052 2636 1102 2692 8t
1147 2633 1261 2693 fine
1301 2632 1499 2692 debito
1535 2633 1863 2691 terminetis
1892 2675 1910 2704 ,
1960 2631 2183 2691 facien-

893 2729 982 2772 tes
1022 2709 1175 2788 quod
1199 2710 1572 2769 decreveritis
1600 2709 1949 2768 auctoritate
1990 2708 2182 2767 nostra

890 2788 1142 2850 firmiter
1193 2786 1530 2845 observari.
1584 2785 1781 2860 Testes
1834 2800 2031 2845 autem
2083 2786 2185 2861 qui

892 2866 1115 2928 suerint
1154 2864 1438 2922 nominati
1470 2905 1489 2935 ,
1543 2861 1583 2920 si
1626 2861 1680 2920 se
1715 2862 1910 2939 gratia
1938 2902 1956 2932 ,
2014 2860 2185 2936 odio,

2297 484 2391 546 vel
2431 486 2641 546 timore
2681 484 3066 549 subtraxerint
3081 491 3305 569 cogatis
3332 509 3580 569 percen-

2292 563 2479 623 suram
2532 562 2973 624 ecelefiasticam
3025 570 3263 628 veritati
3331 569 3580 631 testimo-
3620 599 3637 615 =

2256 679 2262 695 .
2293 642 2452 700 nium
2496 641 2793 715 perhibere
2818 641 2971 719 quod
3012 642 3051 702 fi
3097 663 3210 704 non
3239 664 3439 707 omnes
3467 649 3578 708 hiis

2294 717 2638 793 exequendis
2681 720 2985 794 potueritis
3022 719 3291 781 interesse
3327 722 3442 782 duo
3483 744 3575 784 ve-

2289 793 2464 871 strum
2487 836 2506 865 ‚
2545 814 2616 854 ea
2653 794 3030 855 nihilominus
3044 814 3437 877 exequantur.
3463 807 3579 862 Da-

2290 884 2414 930 tum
2456 873 2712 932 Perrarie
2760 893 2923 932 tur.
2949 878 3149 935 Nonas
3191 879 3437 936 Marcii.
3479 883 3578 937 Ve-

2290 966 2450 1022 rum,
2489 949 2627 1025 quia
2667 947 2812 1008 sicut
2854 949 3145 1025 publicum
3187 952 3268 1012 est
3307 953 3361 1010 δι
3404 970 3598 1014 notos

2295 1026 2479 1099 rium,
2516 1024 2671 1102 qnod
2711 1023 3124 1086 distus'noster
3176 1031 3390 1088 tercius
3436 1050 3577 1091 con-

2297 1101 2463 1177 judex
2520 1100 2599 1160 est
2651 1100 2849 1160 absens
2900 1103 2988 1161 ita
3043 1104 3198 1180 quod
3251 1124 3323 1163 co
3367 1109 3577 1167 nitioni

2294 1179 2460 1250 hujus
2510 1176 2673 1237 cause
2728 1176 2802 1237 ad
2857 1178 3081 1253 presens
3134 1182 3397 1241 interele
3464 1205 3579 1244 non

2295 1253 2513 1331 potest,
2553 1254 2609 1312 ee
2647 1253 2784 1312 dieti
2824 1257 3062 1314 Domini
3115 1255 3293 1336 legati
3349 1259 3582 1322 manda-

2292 1348 2420 1391 tum
2462 1349 2563 1392 nos
2605 1332 2807 1407 exequi
2847 1348 3156 1408 oporteat,
3199 1351 3264 1394 ut
3316 1350 3579 1397 tenemur
3696 1362 3700 1368 ·

2293 1407 2458 1466 vobis
2499 1426 2615 1486 qua
2648 1408 2949 1487 fungimur
2986 1411 3332 1471 auetoritate
3373 1414 3431 1471 in
3475 1415 3584 1473 hac

2291 1499 2495 1561 parte,
2534 1499 2598 1543 ut
2622 1502 2771 1574 ‘curn
2814 1489 3139 1546 reverentia
3169 1487 3334 1549 vestri
3379 1488 3585 1567 loqua-

2287 1561 2891 1699 ffssffmffiiffiztissfi
2899 1563 3585 1702 ffississi'imqmr‘e‘sssss!

2289 1715 2516 1773 tatione
2555 1732 2754 1773 coram
2798 1716 2962 1774 nobie
2997 1719 3058 1774 in
3100 1659 3581 1779 claustropsmffi

2287 1792 2556 1869 Gregorii
2598 1808 2699 1867 per
2727 1808 2862 1865 vos,
2904 1790 2995 1851 vel
3021 1793 3406 1854 sufficientem
3437 1815 3584 1857 nun-

2291 1868 2438 1925 tium
2493 1885 2830 1943 comparere
2883 1868 3081 1926 velitis
3121 1871 3278 1930 disto
3333 1871 3582 1947 plebano

2286 1942 2549 2019 plenarie
2593 1943 2906 2020 responsuri
2959 1944 3013 2001 δι
3053 1945 3258 2005 ἀίἃιιτί
3287 1989 3307 2019 ,
3356 1946 3401 2007 si
3442 1948 3583 2026 quid
3689 1955 3697 1963 '

2288 2008 2591 2079 uolueritis
2630 2036 2839 2081 contra
2876 2020 3058 2095 ipsum
3084 2064 3103 2095 ,
3155 2042 3326 2099 quem
3382 2028 3583 2085 termi-

2287 2115 2424 2156 num
2467 2116 2578 2173 pro
2615 2096 2804 2156 tribus
2843 2097 3075 2171 edittis,
3129 2099 3183 2157 δι
3226 2119 3344 2162 uno
3385 2104 3585 2161 termi-

2285 2176 3278 2327 fssossffssssffpffigarmi:
3355 2181 3584 2315 5333

2285 2325 2682 2400 statuendum,
2721 2327 2982 2403 alioquin
3026 2330 3084 2388 in
3115 2328 3234 2405 ipsa
3261 2330 3576 2406 causapm·

2285 2402 2550 2462 cedemus
2592 2402 2811 2476 justicia
2838 2403 3164 2477 mediante,
3204 2406 3255 2464 a
3297 2405 3336 2465 fi
3375 2412 3576 2470 terrui.

2284 2498 2389 2537 nus
2431 2482 2487 2536 in
2505 2478 2656 2537 diem
2671 2482 2990 2539 occurrerit
3031 2480 3298 2541 feriatam
3339 2482 3575 2560 sequen-

2284 2557 2331 2611 ti
2374 2553 2466 2613 die
2507 2574 2606 2631 pre
2647 2555 2863 2614 seriata
2889 2556 2958 2615 sit
2989 2559 3266 2616 terminus
3305 2558 3420 2633 ipse
3457 2561 3571 2621 sta·

2285 2645 2444 2688 tutus
2480 2671 2499 2689 .
2551 2635 2708 2703 Quas
2762 2632 2992 2693 litteras
3049 2633 3228 2692 dicius
3294 2635 3571 2709 plebanus

2285 2706 2471 2781 posuit
2510 2706 2673 2783 super
2712 2708 2862 2768 lesto
2892 2752 2911 2782 ,
2960 2712 3022 2769 in
3063 2729 3180 2787 quo
3221 2708 3445 2784 jacebat
3486 2712 3573 2775 di-

2284 2784 2406 2842 stus
2442 2788 2617 2844 Doni.
2655 2784 2883 2846 Electus
2920 2804 3120 2847 coram
3158 2806 3290 2855 en.⁴

1040 3020 1167 3095 Ego
1206 3012 1474 3075 Albertus
1508 3010 1660 3088 Gaia
1688 3012 1863 3092 ,sacrii
1898 3009 2118 3091 palacii
2155 3015 2418 3075 notarius
2457 3014 2734 3088 interfui,
2776 3018 2829 3078 ἃ
2870 3028 3107 3093 rogatus
3144 3013 3377 3091 scripti.

952 3253 1080 3322 (a)
1110 3247 1354 3301 Gerardus
1379 3246 1438 3297 de
1465 3248 1648 3297 Monte
1680 3247 1854 3320 ‘Lo-ugo
1882 3246 2228 3315 'tripolitanus
2253 3248 2529 3317 Episcopus
2556 3245 2822 3300 translatus
2866 3228 3031 3307 postea
3065 3240 3174 3316 fuit·
3193 3242 3249 3292 ad
3296 3248 3565 3303 scelestam

1149 3312 1533 3366 Patriarchalem
1566 3311 1957 3374 Aquilejensem.
2005 3316 2079 3365 De
2108 3331 2169 3366 eo
2200 3316 2406 3381 Ughell.
2442 3317 2591 3367 Toni.
2624 3315 2692 3365 V.
2729 3312 2783 3360 in
2813 3310 2947 3360 Patr.
2979 3306 3276 3375 Aqu11e1enc
3313 3313 3360 3364 dt
3391 3316 3444 3370 in
3475 3320 3563 3370 hu.

1153 3379 1230 3442 ius
1260 3378 1421 3445 operis
1451 3375 1631 3430 decade
1656 3390 1703 3430 a,
1744 3392 1857 3443 pag.
1884 3392 1994 3441 ¹92·

3154 4451 3487 4576 ‘Pascha-
