3934 5359
920 416 1335 499 SANC'TI
1402 411 1873 523 JquANt
1943 415 2589 511 Mami-'vum
2821 447 2979 529 331

408 571 580 651 nius
615 571 903 649 Rerum
944 564 1559 680 Hungaricarum
1602 565 1935 666 Scriptor
1981 570 2170 648 Dec.
2197 588 2284 649 11.
2337 569 2468 649 lib.
2495 596 2568 648 x.
2623 596 2784 672 pag.
2813 579 2977 673 365.
3029 598 3116 653 ut

404 667 687 753 decimo
708 693 983 778 quoque
1024 692 1255 764 anno,
1290 692 1680 767 inquiens,
1691 668 1977 767 septem
2022 697 2395 749 aureorum
2437 698 2820 750 nummum
2866 668 3116 752 millia

398 768 774 857 Ludovico
794 778 981 866 Regi
1002 772 1308 846 Venetus
1333 762 1670 867 sobveret
1687 821 1714 864 ‚
1744 792 1999 849 contra
2040 764 2169 848 ille
2192 765 2710 852 Dalmaticam
2751 802 2954 850 oram
2993 783 3119 853 Ve-

400 872 593 952 netis
632 868 1196 969 negotiatoribus
1219 898 1266 945 a
1284 865 1564 948 Piratis
1598 892 1844 949 tutam
1864 867 2199 953 redderet
2215 927 2241 969 ‚
2293 901 2484 952 neve
2507 869 2753 973 salem
2794 870 3115 954 Dalma÷

395 967 1006 1080 tat-'Illyricusque
1044 972 1464 1072 conficeret.
1521 971 1757 1051 Paetae
1802 974 2156 1074 utrinque
2200 975 2749 1055 conventiones
2800 976 3114 1056 hae.fue‚

392 1096 577 1254 run?
616 1129 646 1190 ,⁹
718 1076 992 1177 quibus
1066 1099 1209 1177 pax
1271 1072 1601 1153 Taurini
1673 1073 1873 1154 inter
1926 1074 2350 1157 diffluentes
2428 1074 2799 1178 principes
2851 1077 3114 1158 .firma-.

392 1196 470 1256 ta
562 1198 673 1256 uit
708 1234 726 1254 .

475 1288 663 1357 'Rex
701 1271 962 1356 volens
1030 1278 1058 1377 (
1099 1274 1569 1378 prosequitur
1618 1276 1961 1374 author)
2032 1277 2263 1379 emiffi
2295 1277 2423 1379 sui
2472 1276 2639 1358 voii
2675 1278 3113 1378 prosequtim·

390 1382 477 1460 ni
533 1378 847 1482 insistere
880 1372 1245 1478 solemnes
1297 1374 1857 1477 ambasciatores
1896 1375 2370 1459 Valentinum
2409 1380 2730 1482 ‚Quinqu’
2750 1374 3110 1482 Ecclestae‚

387 1484 491 1565 (9⁹
527 1475 846 1562 Paulum
886 1475 1465 1577 zagabriensem
1506 1474 1724 1557 Eccle
1751 1508 1990 1565 tarum
2031 1479 2409 1580 Episcopos
2468 1509 2633 1561 cum
2674 1480 3112 1583 quibusdam

381 1583 631 1683 Regni
667 1579 793 1683 sui
845 1577 1319 1679 optimatibus
1347 1601 1482 1676 pro
1508 1579 1645 1680 suo
1722 1608 1882 1659 acro
1926 1580 2317 1661 obtinendo
2355 1580 2687 1682 tbesauro
2712 1581 2812 1662 ad
2830 1581 3104 1662 civita-

379 1709 536 1767 tem
584 1692 1012 1763 Venetorum
1056 1678 1464 1785 destinavit
1504 1740 1523 1758 .
1602 1682 1900 1763 Reticet
1953 1683 2039 1763 in
2094 1685 2234 1763 hac
2288 1684 2761 1764 enarratione
2814 1712 3106 1787 anony-·

378 1815 559 1868 mus
609 1786 977 1864 illustrem
1025 1782 1427 1863 Valentini
1456 1782 1815 1885 Episcopi
1861 1784 2363 1885 dignitatem,
2414 1786 2548 1886 qui
2599 1785 2746 1885 jam
2802 1786 3095 1887 pridem

379 1915 597 1969 anno
650 1887 1177 1966 Mcccixm.
1231 1885 1430 1965 inter
1485 1886 1558 1963 S.
1609 1887 1704 1963 R.
1758 1887 1848 1963 E.
1907 1889 2134 1967 Presb
2193 1908 2393 1965 teros
2434 1888 2882 1966 Cardinales
2927 1890 3103 1966 tim-

375 1993 460 2071 lo
513 1991 592 2068 S.
647 1987 940 2067 Sabinae
992 1992 1087 2069 ab
1139 1952 1453 2067 Urbano
1478 1988 1613 2063 VI.
1667 2007 2061 2089 cooptatus
2146 2009 2355 2067 uerat
2407 2014 2556 2067 una
2598 2014 2776 2067 cum
2820 1990 3106 2068 Deme·-

372 2092 529 2171 trio
587 2088 1153 2190 Otergovienfis
1205 2087 1553 2167 Ecclefiae
1606 2092 2107 2189 gubernatore
2164 2110 2528 2190 perpetuo
2570 2145 2596 2185 ‚
2648 2091 2858 2188 cujus
2912 2091 3102 2168 Car-

373 2191 732 2272 dinalitia
785 2190 1112 2290 dignitas
1166 2190 1391 2290 paulo
1445 2186 1606 2288 post
1658 2189 1741 2270 in
1793 2189 1945 2291 ipsa
2021 2190 2533 2271 translationis
2587 2189 2895 2269 historia
2947 2214 3101 2269 me-

367 2315 767 2375 moratur.
820 2292 990 2370 Cur
1030 2312 1284 2369 autern
1323 2291 1529 2390 quod
1570 2289 1661 2368 de
1706 2318 1863 2372 uno
1900 2291 2224 2372 fideliter
2265 2291 2532 2389 affert,
2572 2294 2664 2371 de
2708 2293 2948 2371 altero
2990 2315 3102 2369 re-

366 2396 660 2489 ticeat,
711 2417 890 2471 curn
943 2391 1404 2492 caeteroquin
1453 2392 1547 2470 ad
1602 2391 2007 2492 legationis
2058 2393 2282 2472 decus
2333 2397 2832 2488 condeceret,
2884 2393 3102 2470 nulla

366 2495 477 2574 est
537 2494 621 2573 in
666 2513 1019 2596 promptu
1072 2491 1444 2571 sufficiens
1495 2492 1742 2591 rati0,
1794 2492 1936 2572 nisi
1987 2491 2450 2572 inconsultus
2485 2494 2619 2573 ille
2671 2492 2909 2573 animi
2964 2493 3105 2570 im·

360 2616 639 2698 petus,
690 2620 844 2697 quo
868 2614 1163 2696 arrepto
1184 2594 1529 2692 calamo,
1564 2593 1928 2698 quicquid
1950 2614 2379 2675 occurreret
2402 2620 2672 2673 verum
2725 2592 3094 2672 &falsum

358 2700 843 2798 exponebat,
893 2695 1186 2776 interea
1237 2695 1481 2775 multa
1533 2697 2042 2797 negligebatQ
2072 2696 2283 2797 plura
2335 2695 2728 2797 ignorabat
2771 2751 2790 2771 .
2866 2694 3103 2792 Lega-

354 2820 480 2879 tos
540 2797 763 2877 hosce
837 2824 996 2876 non
1049 2797 1407 2877 Venetias
1447 2852 1475 2895 ‚
1545 2799 1673 2878 sed·
1724 2798 2141 2899 Augustam
2196 2797 2713 2876 Taurinorum
2769 2792 3108 2873 direaos-

351 2900 627 2996 fnisse,
678 2918 762 2977 ut
819 2898 1019 2998 pacis
1074 2898 1470 2999 negotium
1497 2901 1842 2980 Amedeo
1882 2899 2202 2978 Comite
2253 2919 2521 3000 agente
2575 2897 3040 2980 conficerent
3072 2938 3102 2992 ⁵

362 2998 743 3083 testantur
784 2999 1240 3095 Carefinus‚
1293 3000 1368 3078 8<
1407 3001 1868 3081 Chinatius.
2403 3040 2410 3049 ·

464 3103 903 3182 Taurinum
957 3103 1214 3204 itaque
1257 3129 1424 3179 cum
1465 3096 1843 3182 celeritate
1868 3099 2325 3205 festinarunt
2345 3102 2447 3181 ad
2485 3096 2906 3203 obsequium
2919 3122 3096 3179 tm
3121 3158 3140 3193 ,

352 3225 456 3281 ue
498 3202 911 3304 majestatis
944 3260 973 3298 ‚
1044 3228 1268 3304 atque
1318 3203 1404 3283 in
1478 3231 1567 3285 ea
1618 3204 1932 3285 civitate
1981 3230 2250 3287 moras.
2306 3225 2700 3285 traxerunt
2736 3248 2770 3300 q
2837 3203 3086 3282 donec

349 3302 576 3382 initae
626 3303 1272 3383 reconciliationis
1347 3304 1589 3384 foedus
1640 3307 2032 3385 firmatum
2081 3305 2276 3401 fuit,
2346 3307 2548 3407 quod
2601 3302 2876 3383 meniis
2925 3306 3086 3387 Au„-
3156 3402 3162 3408 ,

352 3402 559 3506 gusti
613 3403 733 3482 dic
785 3404 1052 3485 oc'tava
1101 3403 1378 3484 accidit
1402 3459 1428 3500 ‚
1478 3426 1702 3507 atque
1753 3407 1931 3485 inde
1979 3408 2513 3508 percommode
2551 3403 2917 3483 Venetias
2956 3402 3082 3479 ad-

348 3526 777 3585 ventarunt
849 3503 970 3583 die
1018 3535 1131 3586 11.
1174 3502 1496 3584 OHobr-is
1535 3504 1833 3585 nomine
1871 3504 2096 3605 Regis
2122 3528 2390 3604 pacem
2420 3502 2798 3605 juraturi,
2850 3521 2936 3580 ut
2979 3525 3086 3580 re-

346 3606 615 3686 ferunt
675 3606 1095 3687 Chinatius
1147 3608 1322 3686 loco
1372 3607 1610 3688 citato
1678 3608 2200 3688 &Carefinus
2252 3608 2333 3688 in
2383 3603 2914 3691 additamentis
2985 3625 3128 3705 ex¹

347 3707 660 3788 Codice
713 3708 1215 3789 Ambrofiano
1266 3708 1724 3811 desumptis3
1777 3710 1938 3790 haec
1992 3730 2252 3790 autem
2303 3736 2483 3792 cum
2525 3706 2925 3789 enunciata
2966 3728 3083 3784 oe-

350 3808 665 3891 let-itate
714 3812 1106 3912 quomodo
1156 3811 1517 3912 componi
1572 3811 1843 3913 poflint
1899 3812 2100 3891 hand
2156 3812 2551 3914 intelligo.
3095 3868 3106 3875 -

258 3928 263 3932 ·
456 3913 821 3992 Venetias
858 3912 1204 4017 appulsos
1227 3914 1635 4016 Hungaros
1676 3916 1969 4017 legatos
1987 3908 2118 3992 diu
2139 3910 2628 4016 defideratmn
2649 3909 2922 3991 donum
2956 3908 3087 3988 ob-

347 4011 695 4093 tinuiss'et
735 4015 959 4095 refert
981 4018 1444 4117 Anonymus
1465 4077 1483 4097 .
1534 4013 1695 4098 Sed·
1722 4042 1889 4096 cum
1907 4012 2327 4114 hujusmodi
2363 4010 2688 4116 reliquia
2723 4008 3080 4108 carcesae-

342 4140 435 4193 η·
453 4168 485 4211 ‚
536 4112 905 4194 commum·
955 4144 1050 4195 ne
1101 4115 1381 4215 impetu
1414 4116 1735 4216 furentis
1783 4115 2013 4201 turba
2052 4113 2428 4218 popularis
2466 4114 2576 4197 rei
2614 4112 3030 4219 deficiet-ata
3048 4158 3078 4204 ,
3089 4158 3124 4219 i.

345 4215 460 4295 Θ·
511 4211 818 4296 obtenta
868 4212 1274 4318 aliquantis
1308 4243 1399 4295 fer
1440 4220 1860 4300 turbaretur
1908 4218 2154 4299 exitus
2171 4275 2199 4317 ‚
2250 4214 2581 4318 consulta
2621 4209 3110 4294 deliberatio-⁸
3217 4220 3234 4226 ‘

345 4345 454 4398 ne
472 4373 502 4414 ,
552 4313 860 4397 Civium
902 4319 1005 4419 'fi
1048 4240 1337 4421 constlio
1377 4373 1405 4414 ‚
1457 4317 1539 4398 in
1575 4322 1865 4422 fisco-eto,
1905 4316 2229 4420 lucifuga
2275 4318 2511 4398 noffis
2546 4310 2843 4427 stlentio
2882 4304 3080 4397 luce-

335 4421 604 4522 scente
653 4415 777 4501 die
834 4428 1121 4523 ‚Quarto
1181 4418 1441 4523 menfis
1502 4421 1841 4504 odebris-
1885 4431 2109 4600 Anaro
2169 4420 2382 4500 Verbi
2420 4431 2808 4501 Incarnan
2859 4417 2994 4512 138
3012 4436 3076 4488 ι.
3134 4453 3138 4457 .

500 4582 514 4594 .
2129 4541 2160 4601 t
2257 4532 2308 4601 ἃ.
2808 4539 2979 4594 exa-
