<?xml version="1.0" encoding="UTF-8"?>
<!DOCTYPE html PUBLIC "-//W3C//DTD XHTML 1.0 Transitional//EN"
    "http://www.w3.org/TR/xhtml1/DTD/xhtml1-transitional.dtd">
<html xmlns="http://www.w3.org/1999/xhtml" xml:lang="en" lang="en">
 <head>
  <title>
</title>
<meta http-equiv="Content-Type" content="text/html;charset=utf-8" />
  <meta name='ocr-system' content='tesseract 3.04.00' />
  <meta name='ocr-capabilities' content='ocr_page ocr_carea ocr_par ocr_line ocrx_word'/>
</head>
<body>
  <div class='ocr_page' id='page_1' title='image "./ecclesiaeveneta02corngoog_0367.png"; bbox 0 0 3934 5359; ppageno 0'>
   <div class='ocr_carea' id='block_1_1' title="bbox 883 374 2938 497">
    <p class='ocr_par' dir='ltr' id='par_1_1' title="bbox 883 374 2938 497">
     <span class='ocr_line' id='line_1_1' title="bbox 883 374 2938 497; baseline 0.002 -33"><span class='ocrx_word' id='word_1_1' title='bbox 883 377 1301 464; x_wconf 73' lang='lat' dir='ltr'>SANcrr</span> <span class='ocrx_word' id='word_1_2' title='bbox 1365 374 2545 490; x_wconf 58' lang='lat' dir='ltr'>JuanARrrRts.</span> <span class='ocrx_word' id='word_1_3' title='bbox 2775 404 2938 497; x_wconf 81' lang='lat'>325</span> 
     </span>
    </p>
   </div>
   <div class='ocr_carea' id='block_1_2' title="bbox 271 531 3168 4393">
    <p class='ocr_par' dir='ltr' id='par_1_2' title="bbox 362 531 3094 1547">
     <span class='ocr_line' id='line_1_2' title="bbox 375 531 3090 644; baseline -0.001 -25"><span class='ocrx_word' id='word_1_4' title='bbox 375 580 423 631; x_wconf 68' lang='lat'>5.</span> <span class='ocrx_word' id='word_1_5' title='bbox 475 531 927 644; x_wconf 65' lang='lat' dir='ltr'>praehabita,</span> <span class='ocrx_word' id='word_1_6' title='bbox 980 552 1335 635; x_wconf 85' lang='lat' dir='ltr'>perpetua</span> <span class='ocrx_word' id='word_1_7' title='bbox 1386 531 1878 611; x_wconf 89' lang='lat' dir='ltr'>successorum</span> <span class='ocrx_word' id='word_1_8' title='bbox 1932 532 2302 613; x_wconf 80' lang='lat' dir='ltr'>memoria</span> <span class='ocrx_word' id='word_1_9' title='bbox 2343 586 2369 631; x_wconf 89' lang='lat'>,</span> <span class='ocrx_word' id='word_1_10' title='bbox 2420 536 2520 614; x_wconf 92' lang='lat' dir='ltr'>ab</span> <span class='ocrx_word' id='word_1_11' title='bbox 2568 534 2924 616; x_wconf 86' lang='lat' dir='ltr'>omnibus</span> <span class='ocrx_word' id='word_1_12' title='bbox 2977 535 3090 615; x_wconf 81' lang='lat' dir='ltr'>di·-</span> 
     </span>
     <span class='ocr_line' id='line_1_3' title="bbox 367 631 3080 748; baseline 0 -31"><span class='ocrx_word' id='word_1_13' title='bbox 367 690 423 739; x_wconf 84' lang='lat'>„</span> <span class='ocrx_word' id='word_1_14' title='bbox 473 637 813 743; x_wconf 85' lang='lat' dir='ltr'>gniffime</span> <span class='ocrx_word' id='word_1_15' title='bbox 855 631 1731 748; x_wconf 65' lang='lat' dir='ltr'>venerandampulchro</span> <span class='ocrx_word' id='word_1_16' title='bbox 1771 631 1967 733; x_wconf 85' lang='lat' dir='ltr'>stylo</span> <span class='ocrx_word' id='word_1_17' title='bbox 2008 634 2388 725; x_wconf 79' lang='lat' dir='ltr'>exaravit:</span> <span class='ocrx_word' id='word_1_18' title='bbox 2439 636 2789 738; x_wconf 89' lang='lat' dir='ltr'>quodque</span> <span class='ocrx_word' id='word_1_19' title='bbox 2833 636 3080 737; x_wconf 87' lang='lat' dir='ltr'>ipsum</span> 
     </span>
     <span class='ocr_line' id='line_1_4' title="bbox 366 736 3084 840; baseline -0.001 -19"><span class='ocrx_word' id='word_1_20' title='bbox 366 794 422 838; x_wconf 92' lang='lat'>„</span> <span class='ocrx_word' id='word_1_21' title='bbox 471 764 789 840; x_wconf 84' lang='lat' dir='ltr'>magnus</span> <span class='ocrx_word' id='word_1_22' title='bbox 844 739 1062 816; x_wconf 87' lang='lat' dir='ltr'>Pater</span> <span class='ocrx_word' id='word_1_23' title='bbox 1104 739 1535 829; x_wconf 77' lang='lat' dir='ltr'>Antonius,</span> <span class='ocrx_word' id='word_1_24' title='bbox 1592 760 1729 835; x_wconf 88' lang='lat' dir='ltr'>pro</span> <span class='ocrx_word' id='word_1_25' title='bbox 1779 736 2047 814; x_wconf 88' lang='lat' dir='ltr'>eodem</span> <span class='ocrx_word' id='word_1_26' title='bbox 2102 736 2558 839; x_wconf 84' lang='lat' dir='ltr'>perficiendo</span> <span class='ocrx_word' id='word_1_27' title='bbox 2614 738 2925 839; x_wconf 88' lang='lat' dir='ltr'>negotio</span> <span class='ocrx_word' id='word_1_28' title='bbox 2976 738 3084 817; x_wconf 79' lang='lat' dir='ltr'>di·</span> 
     </span>
     <span class='ocr_line' id='line_1_5' title="bbox 363 835 3094 941; baseline -0.001 -21"><span class='ocrx_word' id='word_1_29' title='bbox 363 895 419 939; x_wconf 94' lang='lat'>„</span> <span class='ocrx_word' id='word_1_30' title='bbox 470 843 661 920; x_wconf 90' lang='lat' dir='ltr'>vino</span> <span class='ocrx_word' id='word_1_31' title='bbox 710 838 973 941; x_wconf 84' lang='lat' dir='ltr'>spiritu</span> <span class='ocrx_word' id='word_1_32' title='bbox 1017 836 1203 916; x_wconf 91' lang='lat' dir='ltr'>illuc</span> <span class='ocrx_word' id='word_1_33' title='bbox 1245 835 1648 932; x_wconf 62' lang='lat' dir='ltr'>adductus,</span> <span class='ocrx_word' id='word_1_34' title='bbox 1700 836 2163 917; x_wconf 78' lang='lat' dir='ltr'>terribilium</span> <span class='ocrx_word' id='word_1_35' title='bbox 2209 838 2522 918; x_wconf 88' lang='lat' dir='ltr'>leonum</span> <span class='ocrx_word' id='word_1_36' title='bbox 2569 839 2915 920; x_wconf 84' lang='lat' dir='ltr'>suffultus</span> <span class='ocrx_word' id='word_1_37' title='bbox 2957 865 3094 917; x_wconf 77' lang='lat' dir='ltr'>au-</span> 
     </span>
     <span class='ocr_line' id='line_1_6' title="bbox 364 937 3084 1041; baseline -0 -20"><span class='ocrx_word' id='word_1_38' title='bbox 364 994 423 1040; x_wconf 93' lang='lat'><strong>„</strong></span> <span class='ocrx_word' id='word_1_39' title='bbox 474 943 710 1037; x_wconf 82' lang='lat' dir='ltr'>xilio,</span> <span class='ocrx_word' id='word_1_40' title='bbox 763 941 963 1024; x_wconf 86' lang='lat' dir='ltr'>inter</span> <span class='ocrx_word' id='word_1_41' title='bbox 1015 940 1345 1018; x_wconf 85' lang='lat' dir='ltr'>saxosam</span> <span class='ocrx_word' id='word_1_42' title='bbox 1397 938 1834 1017; x_wconf 87' lang='lat' dir='ltr'>convallem</span> <span class='ocrx_word' id='word_1_43' title='bbox 1886 937 2043 1019; x_wconf 89' lang='lat' dir='ltr'>ritu</span> <span class='ocrx_word' id='word_1_44' title='bbox 2117 939 2463 1020; x_wconf 86' lang='lat' dir='ltr'>fidelium</span> <span class='ocrx_word' id='word_1_45' title='bbox 2518 961 2729 1021; x_wconf 82' lang='lat' dir='ltr'>terrae</span> <span class='ocrx_word' id='word_1_46' title='bbox 2782 940 3084 1041; x_wconf 88' lang='lat' dir='ltr'>gremio</span> 
     </span>
     <span class='ocr_line' id='line_1_7' title="bbox 364 1038 3088 1144; baseline -0.001 -20"><span class='ocrx_word' id='word_1_47' title='bbox 364 1096 422 1141; x_wconf 85' lang='lat'>‚,</span> <span class='ocrx_word' id='word_1_48' title='bbox 472 1039 1083 1127; x_wconf 85' lang='lat' dir='ltr'>commendavit.</span> <span class='ocrx_word' id='word_1_49' title='bbox 1138 1039 1240 1118; x_wconf 86' lang='lat' dir='ltr'>Et</span> <span class='ocrx_word' id='word_1_50' title='bbox 1285 1057 1373 1118; x_wconf 93' lang='lat' dir='ltr'>ut</span> <span class='ocrx_word' id='word_1_51' title='bbox 1423 1038 1506 1118; x_wconf 91' lang='lat' dir='ltr'>in</span> <span class='ocrx_word' id='word_1_52' title='bbox 1552 1039 1822 1120; x_wconf 87' lang='lat' dir='ltr'>eodem</span> <span class='ocrx_word' id='word_1_53' title='bbox 1867 1040 2263 1142; x_wconf 72' lang='lat' dir='ltr'>sepulturae</span> <span class='ocrx_word' id='word_1_54' title='bbox 2305 1043 2480 1122; x_wconf 93' lang='lat' dir='ltr'>loco</span> <span class='ocrx_word' id='word_1_55' title='bbox 2521 1041 2882 1144; x_wconf 76' lang='lat' dir='ltr'>profusius</span> <span class='ocrx_word' id='word_1_56' title='bbox 2927 1063 3088 1122; x_wconf 84' lang='lat' dir='ltr'>tan-</span> 
     </span>
     <span class='ocr_line' id='line_1_8' title="bbox 363 1141 3092 1242; baseline 0 -19"><span class='ocrx_word' id='word_1_57' title='bbox 363 1196 418 1242; x_wconf 82' lang='lat'>„</span> <span class='ocrx_word' id='word_1_58' title='bbox 472 1145 532 1223; x_wconf 93' lang='lat' dir='ltr'>ti</span> <span class='ocrx_word' id='word_1_59' title='bbox 580 1143 815 1222; x_wconf 84' lang='lat' dir='ltr'>Patris</span> <span class='ocrx_word' id='word_1_60' title='bbox 868 1141 1140 1221; x_wconf 88' lang='lat' dir='ltr'>merita</span> <span class='ocrx_word' id='word_1_61' title='bbox 1194 1160 1776 1239; x_wconf 83' lang='lat' dir='ltr'>venerarentur,</span> <span class='ocrx_word' id='word_1_62' title='bbox 1827 1141 2032 1222; x_wconf 85' lang='lat' dir='ltr'>idem</span> <span class='ocrx_word' id='word_1_63' title='bbox 2087 1141 2380 1223; x_wconf 62' lang='lat' dir='ltr'>sancius</span> <span class='ocrx_word' id='word_1_64' title='bbox 2429 1143 2655 1225; x_wconf 87' lang='lat' dir='ltr'>senex</span> <span class='ocrx_word' id='word_1_65' title='bbox 2698 1143 3092 1225; x_wconf 79' lang='lat' dir='ltr'>Antonius</span> 
     </span>
     <span class='ocr_line' id='line_1_9' title="bbox 362 1240 3094 1347; baseline 0.001 -25"><span class='ocrx_word' id='word_1_66' title='bbox 362 1298 418 1343; x_wconf 90' lang='lat'>,‚</span> <span class='ocrx_word' id='word_1_67' title='bbox 468 1245 762 1346; x_wconf 82' lang='lat' dir='ltr'>aliquos</span> <span class='ocrx_word' id='word_1_68' title='bbox 813 1268 908 1322; x_wconf 84' lang='lat' dir='ltr'>ex</span> <span class='ocrx_word' id='word_1_69' title='bbox 951 1241 1340 1323; x_wconf 84' lang='lat' dir='ltr'>Fratribus</span> <span class='ocrx_word' id='word_1_70' title='bbox 1390 1240 1538 1320; x_wconf 90' lang='lat' dir='ltr'>suis</span> <span class='ocrx_word' id='word_1_71' title='bbox 1590 1242 1727 1322; x_wconf 89' lang='lat' dir='ltr'>sub</span> <span class='ocrx_word' id='word_1_72' title='bbox 1767 1241 2163 1344; x_wconf 85' lang='lat' dir='ltr'>disciplina</span> <span class='ocrx_word' id='word_1_73' title='bbox 2216 1244 2625 1326; x_wconf 86' lang='lat' dir='ltr'>monastica</span> <span class='ocrx_word' id='word_1_74' title='bbox 2667 1243 2927 1326; x_wconf 87' lang='lat' dir='ltr'>vivere</span> <span class='ocrx_word' id='word_1_75' title='bbox 2969 1268 3094 1347; x_wconf 73' lang='lat' dir='ltr'>pa·</span> 
     </span>
     <span class='ocr_line' id='line_1_10' title="bbox 363 1341 3056 1447; baseline -0.001 -22"><span class='ocrx_word' id='word_1_76' title='bbox 363 1401 421 1444; x_wconf 87' lang='lat'>„</span> <span class='ocrx_word' id='word_1_77' title='bbox 473 1369 720 1443; x_wconf 65' lang='grc' dir='ltr'>Γαῖος,</span> <span class='ocrx_word' id='word_1_78' title='bbox 774 1344 964 1425; x_wconf 88' lang='lat' dir='ltr'>inibi</span> <span class='ocrx_word' id='word_1_79' title='bbox 1019 1343 1287 1422; x_wconf 89' lang='lat' dir='ltr'>divino</span> <span class='ocrx_word' id='word_1_80' title='bbox 1338 1341 1699 1444; x_wconf 89' lang='lat' dir='ltr'>obsequio</span> <span class='ocrx_word' id='word_1_81' title='bbox 1750 1345 2258 1447; x_wconf 85' lang='lat' dir='ltr'>mancipavit.</span> <span class='ocrx_word' id='word_1_82' title='bbox 2541 1386 2546 1390; x_wconf 85' lang='lat'><strong>·</strong></span> <span class='ocrx_word' id='word_1_83' title='bbox 3047 1400 3056 1409; x_wconf 54' lang='grc'><strong>,</strong></span> 
     </span>
     <span class='ocr_line' id='line_1_11' title="bbox 471 1443 3090 1547; baseline 0.001 -22"><span class='ocrx_word' id='word_1_84' title='bbox 471 1504 528 1547; x_wconf 89' lang='lat'>„</span> <span class='ocrx_word' id='word_1_85' title='bbox 581 1448 936 1527; x_wconf 80' lang='lat' dir='ltr'>Tandem</span> <span class='ocrx_word' id='word_1_86' title='bbox 1007 1447 1362 1526; x_wconf 86' lang='lat' dir='ltr'>revoluto</span> <span class='ocrx_word' id='word_1_87' title='bbox 1414 1443 1918 1546; x_wconf 86' lang='lat' dir='ltr'>plurimorum</span> <span class='ocrx_word' id='word_1_88' title='bbox 1993 1469 2370 1527; x_wconf 87' lang='lat' dir='ltr'>annorum</span> <span class='ocrx_word' id='word_1_89' title='bbox 2421 1445 2806 1528; x_wconf 87' lang='lat' dir='ltr'>curriculo</span> <span class='ocrx_word' id='word_1_90' title='bbox 2845 1503 2872 1544; x_wconf 89' lang='lat'>,</span> <span class='ocrx_word' id='word_1_91' title='bbox 2926 1446 3090 1527; x_wconf 66' lang='lat' dir='ltr'>effi⁴</span> 
     </span>
    </p>

    <p class='ocr_par' dir='ltr' id='par_1_3' title="bbox 271 1544 3168 4393">
     <span class='ocr_line' id='line_1_12' title="bbox 364 1544 3086 1650; baseline -0 -19"><span class='ocrx_word' id='word_1_92' title='bbox 364 1602 429 1647; x_wconf 84' lang='lat'>„</span> <span class='ocrx_word' id='word_1_93' title='bbox 474 1551 729 1631; x_wconf 87' lang='lat' dir='ltr'>ciente</span> <span class='ocrx_word' id='word_1_94' title='bbox 781 1548 1072 1627; x_wconf 89' lang='lat' dir='ltr'>virtute</span> <span class='ocrx_word' id='word_1_95' title='bbox 1127 1548 1449 1625; x_wconf 84' lang='lat' dir='ltr'>dexterae</span> <span class='ocrx_word' id='word_1_96' title='bbox 1500 1544 1771 1624; x_wconf 86' lang='lat' dir='ltr'>excelfi</span> <span class='ocrx_word' id='word_1_97' title='bbox 1814 1546 1968 1628; x_wconf 90' lang='lat' dir='ltr'>Dei</span> <span class='ocrx_word' id='word_1_98' title='bbox 2010 1602 2038 1644; x_wconf 99' lang='lat'>,</span> <span class='ocrx_word' id='word_1_99' title='bbox 2108 1549 2240 1650; x_wconf 89' lang='lat' dir='ltr'>qui</span> <span class='ocrx_word' id='word_1_100' title='bbox 2311 1548 2535 1648; x_wconf 88' lang='lat' dir='ltr'>justos</span> <span class='ocrx_word' id='word_1_101' title='bbox 2662 1548 3086 1650; x_wconf 89' lang='lat' dir='ltr'>rosequitur</span> 
     </span>
     <span class='ocr_line' id='line_1_13' title="bbox 361 1646 3092 1754; baseline -0.001 -22"><span class='ocrx_word' id='word_1_102' title='bbox 361 1703 418 1749; x_wconf 81' lang='lat'>„</span> <span class='ocrx_word' id='word_1_103' title='bbox 471 1650 1002 1733; x_wconf 72' lang='lat' dir='ltr'>benediffione</span> <span class='ocrx_word' id='word_1_104' title='bbox 1044 1675 1068 1743; x_wconf 72' lang='grc' dir='ltr'><strong>ς</strong></span> <span class='ocrx_word' id='word_1_105' title='bbox 1123 1646 1510 1728; x_wconf 82' lang='lat' dir='ltr'>Dominus</span> <span class='ocrx_word' id='word_1_106' title='bbox 1559 1647 1941 1727; x_wconf 89' lang='lat' dir='ltr'>Emanuel</span> <span class='ocrx_word' id='word_1_107' title='bbox 1992 1648 2600 1754; x_wconf 90' lang='lat' dir='ltr'>Constantinopo</span> <span class='ocrx_word' id='word_1_108' title='bbox 2636 1651 2884 1732; x_wconf 86' lang='lat' dir='ltr'>itanus</span> <span class='ocrx_word' id='word_1_109' title='bbox 2937 1654 3092 1730; x_wconf 83' lang='lat' dir='ltr'>Irn-</span> 
     </span>
     <span class='ocr_line' id='line_1_14' title="bbox 363 1746 3087 1858; baseline -0.001 -26"><span class='ocrx_word' id='word_1_110' title='bbox 363 1808 427 1852; x_wconf 86' lang='lat'>„</span> <span class='ocrx_word' id='word_1_111' title='bbox 477 1773 776 1858; x_wconf 85' lang='lat' dir='ltr'>perator</span> <span class='ocrx_word' id='word_1_112' title='bbox 827 1750 1022 1830; x_wconf 85' lang='lat' dir='ltr'>tanti</span> <span class='ocrx_word' id='word_1_113' title='bbox 1077 1748 1388 1828; x_wconf 87' lang='lat' dir='ltr'>luminis</span> <span class='ocrx_word' id='word_1_114' title='bbox 1439 1746 1849 1851; x_wconf 69' lang='lat' dir='ltr'>aspersione</span> <span class='ocrx_word' id='word_1_115' title='bbox 1902 1749 2244 1852; x_wconf 78' lang='lat' dir='ltr'>gavisus,</span> <span class='ocrx_word' id='word_1_116' title='bbox 2295 1751 2607 1851; x_wconf 88' lang='lat' dir='ltr'>cupiens</span> <span class='ocrx_word' id='word_1_117' title='bbox 2651 1751 3087 1849; x_wconf 85' lang='lat' dir='ltr'>hujusmodi</span> 
     </span>
     <span class='ocr_line' id='line_1_15' title="bbox 363 1849 3091 1955; baseline -0.002 -19"><span class='ocrx_word' id='word_1_118' title='bbox 363 1904 426 1955; x_wconf 68' lang='lat'>5,</span> <span class='ocrx_word' id='word_1_119' title='bbox 475 1853 714 1936; x_wconf 60' lang='lat' dir='ltr'>sancii</span> <span class='ocrx_word' id='word_1_120' title='bbox 766 1852 1002 1947; x_wconf 90' lang='lat' dir='ltr'>senis,</span> <span class='ocrx_word' id='word_1_121' title='bbox 1053 1851 1184 1953; x_wconf 90' lang='lat' dir='ltr'>qui</span> <span class='ocrx_word' id='word_1_122' title='bbox 1238 1849 1567 1950; x_wconf 86' lang='lat' dir='ltr'>doloris,</span> <span class='ocrx_word' id='word_1_123' title='bbox 1617 1849 1693 1930; x_wconf 76' lang='lat'>8&lt;</span> <span class='ocrx_word' id='word_1_124' title='bbox 1743 1849 2263 1933; x_wconf 84' lang='lat' dir='ltr'>amaritudinis</span> <span class='ocrx_word' id='word_1_125' title='bbox 2317 1874 2656 1955; x_wconf 89' lang='lat' dir='ltr'>tempora</span> <span class='ocrx_word' id='word_1_126' title='bbox 2707 1851 3017 1953; x_wconf 90' lang='lat' dir='ltr'>reliquit</span> <span class='ocrx_word' id='word_1_127' title='bbox 3060 1907 3091 1949; x_wconf 90' lang='lat'>,</span> 
     </span>
     <span class='ocr_line' id='line_1_16' title="bbox 357 1953 3085 2056; baseline -0.002 -19"><span class='ocrx_word' id='word_1_128' title='bbox 357 2006 413 2055; x_wconf 63' lang='lat'>5,</span> <span class='ocrx_word' id='word_1_129' title='bbox 464 1956 541 2037; x_wconf 82' lang='grc'>8(</span> <span class='ocrx_word' id='word_1_130' title='bbox 595 1956 678 2034; x_wconf 91' lang='lat' dir='ltr'>in</span> <span class='ocrx_word' id='word_1_131' title='bbox 727 1954 1181 2051; x_wconf 84' lang='lat' dir='ltr'>solitudine,</span> <span class='ocrx_word' id='word_1_132' title='bbox 1233 1953 1316 2032; x_wconf 92' lang='lat' dir='ltr'>in</span> <span class='ocrx_word' id='word_1_133' title='bbox 1367 1976 1597 2054; x_wconf 89' lang='lat' dir='ltr'>quam</span> <span class='ocrx_word' id='word_1_134' title='bbox 1653 1954 1995 2051; x_wconf 85' lang='lat' dir='ltr'>volavit,</span> <span class='ocrx_word' id='word_1_135' title='bbox 2047 1953 2468 2056; x_wconf 82' lang='lat' dir='ltr'>requievit,</span> <span class='ocrx_word' id='word_1_136' title='bbox 2518 1956 2718 2033; x_wconf 90' lang='lat' dir='ltr'>clara</span> <span class='ocrx_word' id='word_1_137' title='bbox 2760 1953 3085 2032; x_wconf 88' lang='lat' dir='ltr'>miracu-</span> 
     </span>
     <span class='ocr_line' id='line_1_17' title="bbox 286 2042 3090 2163; baseline -0.003 -23"><span class='ocrx_word' id='word_1_138' title='bbox 286 2139 323 2163; x_wconf 39' lang='lat'>,</span> <span class='ocrx_word' id='word_1_139' title='bbox 358 2110 415 2160; x_wconf 80' lang='lat'>‚‚</span> <span class='ocrx_word' id='word_1_140' title='bbox 468 2060 543 2140; x_wconf 89' lang='lat' dir='ltr'>la</span> <span class='ocrx_word' id='word_1_141' title='bbox 597 2057 679 2138; x_wconf 89' lang='lat' dir='ltr'>in</span> <span class='ocrx_word' id='word_1_142' title='bbox 733 2055 1117 2158; x_wconf 90' lang='lat' dir='ltr'>publicam</span> <span class='ocrx_word' id='word_1_143' title='bbox 1171 2055 1444 2135; x_wconf 89' lang='lat' dir='ltr'>ducere</span> <span class='ocrx_word' id='word_1_144' title='bbox 1498 2042 1853 2135; x_wconf 67' lang='lat' dir='ltr'>notitiam</span> <span class='ocrx_word' id='word_1_145' title='bbox 1898 2112 1924 2152; x_wconf 91' lang='lat'>,</span> <span class='ocrx_word' id='word_1_146' title='bbox 1977 2058 2505 2158; x_wconf 83' lang='lat' dir='ltr'>corpusculum</span> <span class='ocrx_word' id='word_1_147' title='bbox 2559 2057 3090 2156; x_wconf 87' lang='lat' dir='ltr'>incorruptum</span> 
     </span>
     <span class='ocr_line' id='line_1_18' title="bbox 278 2155 3088 2260; baseline -0.002 -19"><span class='ocrx_word' id='word_1_148' title='bbox 278 2216 289 2227; x_wconf 90' lang='lat'>-</span> <span class='ocrx_word' id='word_1_149' title='bbox 359 2209 417 2260; x_wconf 66' lang='lat'>2,</span> <span class='ocrx_word' id='word_1_150' title='bbox 469 2163 567 2241; x_wconf 89' lang='lat' dir='ltr'>de</span> <span class='ocrx_word' id='word_1_151' title='bbox 620 2160 796 2238; x_wconf 82' lang='lat' dir='ltr'>loco</span> <span class='ocrx_word' id='word_1_152' title='bbox 846 2176 1273 2237; x_wconf 88' lang='lat' dir='ltr'>memorato</span> <span class='ocrx_word' id='word_1_153' title='bbox 1314 2210 1342 2252; x_wconf 91' lang='lat'>,</span> <span class='ocrx_word' id='word_1_154' title='bbox 1408 2156 1545 2236; x_wconf 90' lang='lat' dir='ltr'>ubi</span> <span class='ocrx_word' id='word_1_155' title='bbox 1597 2155 1844 2258; x_wconf 86' lang='lat' dir='ltr'>ipsum</span> <span class='ocrx_word' id='word_1_156' title='bbox 1897 2160 1968 2236; x_wconf 87' lang='lat' dir='ltr'>S.</span> <span class='ocrx_word' id='word_1_157' title='bbox 2016 2158 2403 2238; x_wconf 82' lang='lat' dir='ltr'>Antonius</span> <span class='ocrx_word' id='word_1_158' title='bbox 2472 2157 2550 2257; x_wconf 74' lang='lat' dir='ltr'>in</span> <span class='ocrx_word' id='word_1_159' title='bbox 2607 2157 2904 2239; x_wconf 87' lang='lat' dir='ltr'>foveam</span> <span class='ocrx_word' id='word_1_160' title='bbox 2945 2158 3088 2236; x_wconf 68' lang='lat' dir='ltr'>be«</span> 
     </span>
     <span class='ocr_line' id='line_1_19' title="bbox 271 2256 3085 2363; baseline -0.002 -21"><span class='ocrx_word' id='word_1_161' title='bbox 271 2295 280 2302; x_wconf 88' lang='grc'><strong><em>·</em></strong></span> <span class='ocrx_word' id='word_1_162' title='bbox 356 2310 413 2362; x_wconf 74' lang='grc'>,,</span> <span class='ocrx_word' id='word_1_163' title='bbox 466 2263 776 2342; x_wconf 86' lang='lat' dir='ltr'>stiarum</span> <span class='ocrx_word' id='word_1_164' title='bbox 829 2285 1053 2360; x_wconf 89' lang='lat' dir='ltr'>opere</span> <span class='ocrx_word' id='word_1_165' title='bbox 1109 2278 1445 2358; x_wconf 84' lang='lat' dir='ltr'>paratam</span> <span class='ocrx_word' id='word_1_166' title='bbox 1496 2257 2091 2355; x_wconf 65' lang='lat' dir='ltr'>subterraverat,</span> <span class='ocrx_word' id='word_1_167' title='bbox 2143 2259 2227 2339; x_wconf 89' lang='lat' dir='ltr'>in</span> <span class='ocrx_word' id='word_1_168' title='bbox 2271 2259 2557 2363; x_wconf 83' lang='lat' dir='ltr'>regiam</span> <span class='ocrx_word' id='word_1_169' title='bbox 2604 2264 2920 2354; x_wconf 87' lang='lat' dir='ltr'>urbem,</span> <span class='ocrx_word' id='word_1_170' title='bbox 2975 2256 3085 2336; x_wconf 87' lang='lat' dir='ltr'>vi-</span> 
     </span>
     <span class='ocr_line' id='line_1_20' title="bbox 354 2358 3086 2463; baseline -0.002 -21"><span class='ocrx_word' id='word_1_171' title='bbox 354 2412 415 2463; x_wconf 87' lang='lat'>„</span> <span class='ocrx_word' id='word_1_172' title='bbox 466 2362 748 2442; x_wconf 88' lang='lat' dir='ltr'>delicet</span> <span class='ocrx_word' id='word_1_173' title='bbox 789 2358 1586 2460; x_wconf 86' lang='lat' dir='ltr'>Constantinopolim,</span> <span class='ocrx_word' id='word_1_174' title='bbox 1667 2361 1816 2439; x_wconf 90' lang='lat' dir='ltr'>ecit</span> <span class='ocrx_word' id='word_1_175' title='bbox 1872 2361 2415 2459; x_wconf 87' lang='lat' dir='ltr'>transportari,</span> <span class='ocrx_word' id='word_1_176' title='bbox 2487 2363 2560 2441; x_wconf 77' lang='lat'>8&lt;</span> <span class='ocrx_word' id='word_1_177' title='bbox 2612 2361 2696 2441; x_wconf 89' lang='lat' dir='ltr'>in</span> <span class='ocrx_word' id='word_1_178' title='bbox 2749 2358 3086 2440; x_wconf 71' lang='lat' dir='ltr'>Ecclesia</span> 
     </span>
     <span class='ocr_line' id='line_1_21' title="bbox 355 2459 3098 2564; baseline -0.002 -21"><span class='ocrx_word' id='word_1_179' title='bbox 355 2516 412 2564; x_wconf 89' lang='lat'>„</span> <span class='ocrx_word' id='word_1_180' title='bbox 466 2464 539 2544; x_wconf 89' lang='lat' dir='ltr'>S.</span> <span class='ocrx_word' id='word_1_181' title='bbox 586 2460 861 2542; x_wconf 63' lang='lat' dir='ltr'>Marias</span> <span class='ocrx_word' id='word_1_182' title='bbox 904 2460 1354 2563; x_wconf 83' lang='lat' dir='ltr'>Pervilepfi‚</span> <span class='ocrx_word' id='word_1_183' title='bbox 1404 2460 1482 2537; x_wconf 88' lang='lat' dir='ltr'>id</span> <span class='ocrx_word' id='word_1_184' title='bbox 1524 2486 1567 2537; x_wconf 90' lang='lat' dir='ltr'>e</span> <span class='ocrx_word' id='word_1_185' title='bbox 1668 2459 2165 2561; x_wconf 82' lang='lat' dir='ltr'>circumsepta</span> <span class='ocrx_word' id='word_1_186' title='bbox 2205 2516 2232 2559; x_wconf 92' lang='lat'>,</span> <span class='ocrx_word' id='word_1_187' title='bbox 2283 2487 2509 2561; x_wconf 86' lang='lat' dir='ltr'>quam</span> <span class='ocrx_word' id='word_1_188' title='bbox 2555 2463 2716 2563; x_wconf 68' lang='lat' dir='ltr'>ipse</span> <span class='ocrx_word' id='word_1_189' title='bbox 2768 2459 3098 2562; x_wconf 49' lang='lat' dir='ltr'>impera-n</span> 
     </span>
     <span class='ocr_line' id='line_1_22' title="bbox 356 2560 3092 2665; baseline -0.002 -19"><span class='ocrx_word' id='word_1_190' title='bbox 356 2621 415 2665; x_wconf 93' lang='lat'>„</span> <span class='ocrx_word' id='word_1_191' title='bbox 468 2587 594 2646; x_wconf 90' lang='lat' dir='ltr'>tor</span> <span class='ocrx_word' id='word_1_192' title='bbox 647 2563 1137 2660; x_wconf 86' lang='lat' dir='ltr'>fundaverat,</span> <span class='ocrx_word' id='word_1_193' title='bbox 1189 2589 1325 2665; x_wconf 85' lang='lat' dir='ltr'>pro</span> <span class='ocrx_word' id='word_1_194' title='bbox 1376 2560 1719 2642; x_wconf 74' lang='lat' dir='ltr'>fidelium</span> <span class='ocrx_word' id='word_1_195' title='bbox 1772 2563 1948 2644; x_wconf 81' lang='lat' dir='ltr'>loc&#39;o</span> <span class='ocrx_word' id='word_1_196' title='bbox 2004 2563 2476 2643; x_wconf 81' lang='lat' dir='ltr'>venerationi</span> <span class='ocrx_word' id='word_1_197' title='bbox 2539 2562 2914 2663; x_wconf 81' lang='lat' dir='ltr'>aptiffi-mo</span> <span class='ocrx_word' id='word_1_198' title='bbox 2967 2587 3092 2641; x_wconf 65' lang='lat' dir='ltr'>re«</span> 
     </span>
     <span class='ocr_line' id='line_1_23' title="bbox 363 2662 3104 2769; baseline -0.003 -24"><span class='ocrx_word' id='word_1_199' title='bbox 363 2723 418 2768; x_wconf 91' lang='lat'>„</span> <span class='ocrx_word' id='word_1_200' title='bbox 470 2664 762 2769; x_wconf 84' lang='lat' dir='ltr'>pausari</span> <span class='ocrx_word' id='word_1_201' title='bbox 804 2722 826 2742; x_wconf 89' lang='lat'><strong>.</strong></span> <span class='ocrx_word' id='word_1_202' title='bbox 898 2665 1142 2765; x_wconf 80' lang='lat' dir='ltr'>Cujus</span> <span class='ocrx_word' id='word_1_203' title='bbox 1193 2684 1419 2766; x_wconf 88' lang='lat' dir='ltr'>caput</span> <span class='ocrx_word' id='word_1_204' title='bbox 1456 2714 1485 2759; x_wconf 86' lang='lat'>,</span> <span class='ocrx_word' id='word_1_205' title='bbox 1556 2665 1759 2766; x_wconf 89' lang='lat' dir='ltr'>quod</span> <span class='ocrx_word' id='word_1_206' title='bbox 1827 2665 1959 2745; x_wconf 89' lang='lat' dir='ltr'>diu</span> <span class='ocrx_word' id='word_1_207' title='bbox 2012 2664 2387 2746; x_wconf 84' lang='lat' dir='ltr'>abduxere</span> <span class='ocrx_word' id='word_1_208' title='bbox 2439 2663 2708 2744; x_wconf 87' lang='lat' dir='ltr'>deserti</span> <span class='ocrx_word' id='word_1_209' title='bbox 2776 2662 3104 2757; x_wconf 60' lang='lat' dir='ltr'>abditas</span> 
     </span>
     <span class='ocr_line' id='line_1_24' title="bbox 352 2762 3082 2869; baseline -0.003 -21"><span class='ocrx_word' id='word_1_210' title='bbox 352 2822 412 2869; x_wconf 89' lang='lat'>„</span> <span class='ocrx_word' id='word_1_211' title='bbox 464 2767 775 2848; x_wconf 86' lang='lat' dir='ltr'>tandem</span> <span class='ocrx_word' id='word_1_212' title='bbox 828 2785 1036 2866; x_wconf 84' lang='lat' dir='ltr'>grata</span> <span class='ocrx_word' id='word_1_213' title='bbox 1087 2765 1521 2847; x_wconf 84' lang='lat' dir='ltr'>devotionis</span> <span class='ocrx_word' id='word_1_214' title='bbox 1556 2764 2052 2867; x_wconf 64' lang='lat' dir='ltr'>‘gratitudine</span> <span class='ocrx_word' id='word_1_215' title='bbox 2093 2820 2121 2862; x_wconf 91' lang='lat'>,</span> <span class='ocrx_word' id='word_1_216' title='bbox 2196 2794 2352 2847; x_wconf 87' lang='lat' dir='ltr'>non</span> <span class='ocrx_word' id='word_1_217' title='bbox 2404 2767 2683 2868; x_wconf 83' lang='lat' dir='ltr'>absque</span> <span class='ocrx_word' id='word_1_218' title='bbox 2738 2762 2892 2842; x_wconf 90' lang='lat' dir='ltr'>Dei</span> <span class='ocrx_word' id='word_1_219' title='bbox 2948 2787 3082 2839; x_wconf 85' lang='lat' dir='ltr'>nu-</span> 
     </span>
     <span class='ocr_line' id='line_1_25' title="bbox 353 2862 3084 2972; baseline -0.003 -22"><span class='ocrx_word' id='word_1_220' title='bbox 353 2922 415 2972; x_wconf 90' lang='lat'><strong>„</strong></span> <span class='ocrx_word' id='word_1_221' title='bbox 465 2890 603 2966; x_wconf 89' lang='lat' dir='ltr'>tu,</span> <span class='ocrx_word' id='word_1_222' title='bbox 656 2868 781 2947; x_wconf 86' lang='lat' dir='ltr'>sed</span> <span class='ocrx_word' id='word_1_223' title='bbox 834 2867 1131 2967; x_wconf 82' lang='lat' dir='ltr'>potius,</span> <span class='ocrx_word' id='word_1_224' title='bbox 1184 2891 1268 2947; x_wconf 87' lang='lat' dir='ltr'>ut</span> <span class='ocrx_word' id='word_1_225' title='bbox 1320 2866 1651 2946; x_wconf 86' lang='lat' dir='ltr'>solitudo</span> <span class='ocrx_word' id='word_1_226' title='bbox 1702 2868 1914 2948; x_wconf 88' lang='lat' dir='ltr'>fieret</span> <span class='ocrx_word' id='word_1_227' title='bbox 1964 2869 2227 2972; x_wconf 79' lang='lat' dir='ltr'>patula</span> <span class='ocrx_word' id='word_1_228' title='bbox 2259 2924 2287 2967; x_wconf 93' lang='lat'>,</span> <span class='ocrx_word' id='word_1_229' title='bbox 2337 2870 2669 2948; x_wconf 86' lang='lat' dir='ltr'>Romam</span> <span class='ocrx_word' id='word_1_230' title='bbox 2723 2862 2828 2945; x_wconf 88' lang='lat' dir='ltr'>est</span> <span class='ocrx_word' id='word_1_231' title='bbox 2875 2863 3084 2943; x_wconf 81' lang='lat' dir='ltr'>dela·</span> 
     </span>
     <span class='ocr_line' id='line_1_26' title="bbox 349 2968 3096 3074; baseline -0.001 -22"><span class='ocrx_word' id='word_1_232' title='bbox 349 3027 408 3074; x_wconf 94' lang='lat'>„</span> <span class='ocrx_word' id='word_1_233' title='bbox 462 2978 682 3067; x_wconf 77' lang='lat' dir='ltr'>tu‘m,</span> <span class='ocrx_word' id='word_1_234' title='bbox 734 2994 777 3048; x_wconf 94' lang='lat' dir='ltr'>a</span> <span class='ocrx_word' id='word_1_235' title='bbox 817 2968 1109 3049; x_wconf 84' lang='lat' dir='ltr'>Christi</span> <span class='ocrx_word' id='word_1_236' title='bbox 1163 2968 1514 3050; x_wconf 83' lang='lat' dir='ltr'>fidelibus</span> <span class='ocrx_word' id='word_1_237' title='bbox 1563 2968 1946 3065; x_wconf 43' lang='lat' dir='ltr'>salubrius⁸</span> <span class='ocrx_word' id='word_1_238' title='bbox 1986 2973 2545 3052; x_wconf 82' lang='lat' dir='ltr'>venerandum.</span> <span class='ocrx_word' id='word_1_239' title='bbox 2981 3014 2992 3019; x_wconf 92' lang='lat'><strong>·</strong></span> <span class='ocrx_word' id='word_1_240' title='bbox 3087 3032 3096 3039; x_wconf 94' lang='lat'>.</span> 
     </span>
     <span class='ocr_line' id='line_1_27' title="bbox 454 3067 3100 3172; baseline -0.003 -19"><span class='ocrx_word' id='word_1_241' title='bbox 454 3129 536 3172; x_wconf 90' lang='lat'>„.</span> <span class='ocrx_word' id='word_1_242' title='bbox 570 3070 876 3163; x_wconf 86' lang='lat' dir='ltr'>Deinde</span> <span class='ocrx_word' id='word_1_243' title='bbox 930 3070 1244 3151; x_wconf 84' lang='lat' dir='ltr'>instante</span> <span class='ocrx_word' id='word_1_244' title='bbox 1310 3070 1749 3152; x_wconf 78' lang='lat' dir='ltr'>Dominicae</span> <span class='ocrx_word' id='word_1_245' title='bbox 1798 3070 2348 3155; x_wconf 84' lang='lat' dir='ltr'>incarnationis</span> <span class='ocrx_word' id='word_1_246' title='bbox 2415 3098 2618 3152; x_wconf 90' lang='lat' dir='ltr'>anno</span> <span class='ocrx_word' id='word_1_247' title='bbox 2670 3067 3100 3149; x_wconf 79' lang='lat' dir='ltr'>millesimo.</span> 
     </span>
     <span class='ocr_line' id='line_1_28' title="bbox 348 3170 3080 3275; baseline -0.003 -20"><span class='ocrx_word' id='word_1_248' title='bbox 348 3230 409 3274; x_wconf 92' lang='lat'>„</span> <span class='ocrx_word' id='word_1_249' title='bbox 459 3171 1633 3275; x_wconf 78' lang='lat' dir='ltr'>ducentefimoquadragelimo,·</span> <span class='ocrx_word' id='word_1_250' title='bbox 1658 3170 1966 3274; x_wconf 88' lang='lat' dir='ltr'>quidam</span> <span class='ocrx_word' id='word_1_251' title='bbox 2010 3177 2332 3275; x_wconf 77' lang='lat' dir='ltr'>Iacobus</span> <span class='ocrx_word' id='word_1_252' title='bbox 2374 3175 2697 3255; x_wconf 89' lang='lat' dir='ltr'>Lantzlo</span> <span class='ocrx_word' id='word_1_253' title='bbox 2721 3171 3080 3253; x_wconf 79' lang='lat' dir='ltr'>Venetia·</span> 
     </span>
     <span class='ocr_line' id='line_1_29' title="bbox 350 3272 3108 3392; baseline -0.002 -39"><span class='ocrx_word' id='word_1_254' title='bbox 350 3331 411 3379; x_wconf 86' lang='lat'><strong>„</strong></span> <span class='ocrx_word' id='word_1_255' title='bbox 464 3298 636 3353; x_wconf 84' lang='lat' dir='ltr'>rum</span> <span class='ocrx_word' id='word_1_256' title='bbox 660 3273 900 3371; x_wconf 79' lang='lat' dir='ltr'>civis,</span> <span class='ocrx_word' id='word_1_257' title='bbox 951 3275 1262 3353; x_wconf 77' lang='lat' dir='ltr'>audiens</span> <span class='ocrx_word' id='word_1_258' title='bbox 1284 3275 1491 3374; x_wconf 82' lang='lat' dir='ltr'>quod</span> <span class='ocrx_word' id='word_1_259' title='bbox 1529 3274 1833 3354; x_wconf 82' lang='lat' dir='ltr'>felicem</span> <span class='ocrx_word' id='word_1_260' title='bbox 1858 3272 2196 3373; x_wconf 62' lang='lat' dir='ltr'>Paulum,</span> <span class='ocrx_word' id='word_1_261' title='bbox 2223 3274 2856 3392; x_wconf 81' lang='lat' dir='ltr'>prosperamundi</span> <span class='ocrx_word' id='word_1_262' title='bbox 2882 3272 3108 3373; x_wconf 47' lang='lat' dir='ltr'>pros«v</span> 
     </span>
     <span class='ocr_line' id='line_1_30' title="bbox 344 3372 3106 3480; baseline -0.003 -25"><span class='ocrx_word' id='word_1_263' title='bbox 344 3433 406 3480; x_wconf 86' lang='lat'>‚,</span> <span class='ocrx_word' id='word_1_264' title='bbox 458 3374 739 3480; x_wconf 84' lang='lat' dir='ltr'>peritas</span> <span class='ocrx_word' id='word_1_265' title='bbox 790 3399 948 3454; x_wconf 91' lang='lat' dir='ltr'>non</span> <span class='ocrx_word' id='word_1_266' title='bbox 988 3374 1326 3473; x_wconf 83' lang='lat' dir='ltr'>seduxit,</span> <span class='ocrx_word' id='word_1_267' title='bbox 1376 3374 1574 3455; x_wconf 80' lang='lat' dir='ltr'>civis·</span> <span class='ocrx_word' id='word_1_268' title='bbox 1605 3376 1872 3455; x_wconf 87' lang='lat' dir='ltr'>deserti</span> <span class='ocrx_word' id='word_1_269' title='bbox 1908 3375 2163 3457; x_wconf 83' lang='lat' dir='ltr'>felicia</span> <span class='ocrx_word' id='word_1_270' title='bbox 2203 3378 2594 3477; x_wconf 72' lang='lat' dir='ltr'>auspicia,</span> <span class='ocrx_word' id='word_1_271' title='bbox 2627 3377 2703 3453; x_wconf 78' lang='lat'>8&lt;</span> <span class='ocrx_word' id='word_1_272' title='bbox 2753 3396 2849 3452; x_wconf 87' lang='lat' dir='ltr'>ex</span> <span class='ocrx_word' id='word_1_273' title='bbox 2903 3372 3106 3450; x_wconf 58' lang='lat' dir='ltr'>inti-r:</span> 
     </span>
     <span class='ocr_line' id='line_1_31' title="bbox 349 3472 3084 3581; baseline -0.003 -24"><span class='ocrx_word' id='word_1_274' title='bbox 349 3536 410 3581; x_wconf 90' lang='lat'><strong>„</strong></span> <span class='ocrx_word' id='word_1_275' title='bbox 464 3476 616 3557; x_wconf 85' lang='lat' dir='ltr'>mis</span> <span class='ocrx_word' id='word_1_276' title='bbox 637 3479 1242 3579; x_wconf 85' lang='lat' dir='ltr'>contemplatus,</span> <span class='ocrx_word' id='word_1_277' title='bbox 1282 3478 1546 3556; x_wconf 86' lang='lat' dir='ltr'>aFrat.</span> <span class='ocrx_word' id='word_1_278' title='bbox 1571 3474 1796 3557; x_wconf 86' lang='lat' dir='ltr'>Petro</span> <span class='ocrx_word' id='word_1_279' title='bbox 1816 3477 2263 3580; x_wconf 84' lang='lat' dir='ltr'>Abbate,&amp;</span> <span class='ocrx_word' id='word_1_280' title='bbox 2291 3476 2698 3556; x_wconf 82' lang='lat' dir='ltr'>Monachis</span> <span class='ocrx_word' id='word_1_281' title='bbox 2717 3472 2900 3553; x_wconf 56' lang='lat' dir='ltr'>dieti</span> <span class='ocrx_word' id='word_1_282' title='bbox 2922 3498 3084 3551; x_wconf 88' lang='lat' dir='ltr'>mo·</span> 
     </span>
     <span class='ocr_line' id='line_1_32' title="bbox 352 3573 3098 3684; baseline -0.004 -24"><span class='ocrx_word' id='word_1_283' title='bbox 352 3636 416 3684; x_wconf 91' lang='lat'>„</span> <span class='ocrx_word' id='word_1_284' title='bbox 450 3573 770 3671; x_wconf 71' lang='lat' dir='ltr'>¹naste&#39;rii</span> <span class='ocrx_word' id='word_1_285' title='bbox 826 3578 963 3656; x_wconf 89' lang='lat' dir='ltr'>sub</span> <span class='ocrx_word' id='word_1_286' title='bbox 1013 3579 1369 3659; x_wconf 91' lang='lat' dir='ltr'>cautione</span> <span class='ocrx_word' id='word_1_287' title='bbox 1424 3577 1899 3675; x_wconf 87' lang='lat' dir='ltr'>litterarum,</span> <span class='ocrx_word' id='word_1_288' title='bbox 1952 3577 2681 3673; x_wconf 86' lang='lat' dir='ltr'>instrumentorum,</span> <span class='ocrx_word' id='word_1_289' title='bbox 2735 3574 3098 3653; x_wconf 60' lang='lat' dir='ltr'>insertio-0.</span> 
     </span>
     <span class='ocr_line' id='line_1_33' title="bbox 347 3671 3168 3787; baseline -0.004 -24"><span class='ocrx_word' id='word_1_290' title='bbox 347 3739 408 3787; x_wconf 91' lang='lat'>„</span> <span class='ocrx_word' id='word_1_291' title='bbox 464 3708 566 3763; x_wconf 82' lang='lat' dir='ltr'>ne</span> <span class='ocrx_word' id='word_1_292' title='bbox 620 3679 927 3760; x_wconf 78' lang='lat' dir='ltr'>testium</span> <span class='ocrx_word' id='word_1_293' title='bbox 977 3685 1511 3761; x_wconf 86' lang='lat' dir='ltr'>roboratorum</span> <span class='ocrx_word' id='word_1_294' title='bbox 1546 3737 1574 3779; x_wconf 92' lang='lat'>,</span> <span class='ocrx_word' id='word_1_295' title='bbox 1648 3681 1925 3762; x_wconf 81' lang='lat' dir='ltr'>decoro</span> <span class='ocrx_word' id='word_1_296' title='bbox 1978 3678 2220 3783; x_wconf 84' lang='lat' dir='ltr'>stylo,</span> <span class='ocrx_word' id='word_1_297' title='bbox 2273 3680 2469 3759; x_wconf 87' lang='lat' dir='ltr'>mira</span> <span class='ocrx_word' id='word_1_298' title='bbox 2520 3676 2932 3772; x_wconf 88' lang='lat' dir='ltr'>sententia,</span> <span class='ocrx_word' id='word_1_299' title='bbox 2983 3671 3092 3752; x_wconf 63' lang='lat' dir='ltr'>asc</span> <span class='ocrx_word' id='word_1_300' title='bbox 3165 3778 3168 3781; x_wconf 65' lang='lat'>,</span> 
     </span>
     <span class='ocr_line' id='line_1_34' title="bbox 346 3774 3096 3888; baseline -0.004 -23"><span class='ocrx_word' id='word_1_301' title='bbox 346 3840 409 3888; x_wconf 88' lang='lat'>„</span> <span class='ocrx_word' id='word_1_302' title='bbox 461 3783 627 3865; x_wconf 83' lang='lat' dir='ltr'>fatu</span> <span class='ocrx_word' id='word_1_303' title='bbox 677 3781 1052 3881; x_wconf 76' lang='lat' dir='ltr'>facundo,</span> <span class='ocrx_word' id='word_1_304' title='bbox 1103 3782 1514 3863; x_wconf 80' lang='lat' dir='ltr'>devotione</span> <span class='ocrx_word' id='word_1_305' title='bbox 1567 3807 1726 3864; x_wconf 87' lang='lat' dir='ltr'>non</span> <span class='ocrx_word' id='word_1_306' title='bbox 1776 3800 2020 3862; x_wconf 84' lang='lat' dir='ltr'>vacua</span> <span class='ocrx_word' id='word_1_307' title='bbox 2058 3837 2084 3879; x_wconf 92' lang='lat'>,</span> <span class='ocrx_word' id='word_1_308' title='bbox 2156 3781 2444 3862; x_wconf 81' lang='lat' dir='ltr'>votivis</span> <span class='ocrx_word' id='word_1_309' title='bbox 2513 3778 2771 3859; x_wconf 85' lang='lat' dir='ltr'>nimiis</span> <span class='ocrx_word' id='word_1_310' title='bbox 2820 3774 3096 3855; x_wconf 75' lang='lat' dir='ltr'>deside-</span> 
     </span>
     <span class='ocr_line' id='line_1_35' title="bbox 350 3877 3097 3988; baseline -0.003 -23"><span class='ocrx_word' id='word_1_311' title='bbox 350 3941 411 3988; x_wconf 82' lang='lat'>„</span> <span class='ocrx_word' id='word_1_312' title='bbox 464 3885 646 3983; x_wconf 83' lang='lat' dir='ltr'>riis,</span> <span class='ocrx_word' id='word_1_313' title='bbox 696 3884 771 3964; x_wconf 75' lang='lat'>8&lt;</span> <span class='ocrx_word' id='word_1_314' title='bbox 824 3885 1155 3988; x_wconf 57' lang='lat' dir='ltr'>operosae</span> <span class='ocrx_word' id='word_1_315' title='bbox 1201 3884 1739 3965; x_wconf 76' lang='lat' dir='ltr'>sollici-tudinis</span> <span class='ocrx_word' id='word_1_316' title='bbox 1788 3882 2080 3982; x_wconf 87' lang='lat' dir='ltr'>studio,</span> <span class='ocrx_word' id='word_1_317' title='bbox 2131 3882 2318 3987; x_wconf 76' lang='lat' dir='ltr'>ipsas</span> <span class='ocrx_word' id='word_1_318' title='bbox 2359 3884 2591 3963; x_wconf 79' lang='lat' dir='ltr'>sacras</span> <span class='ocrx_word' id='word_1_319' title='bbox 2613 3881 2695 3959; x_wconf 90' lang='lat' dir='ltr'>B.</span> <span class='ocrx_word' id='word_1_320' title='bbox 2719 3877 2934 3961; x_wconf 84' lang='lat' dir='ltr'>Pauli</span> <span class='ocrx_word' id='word_1_321' title='bbox 2977 3902 3097 3957; x_wconf 58' lang='lat' dir='ltr'>roe</span> 
     </span>
     <span class='ocr_line' id='line_1_36' title="bbox 353 3980 3106 4091; baseline -0.004 -24"><span class='ocrx_word' id='word_1_322' title='bbox 353 4043 414 4091; x_wconf 88' lang='lat'>,‚</span> <span class='ocrx_word' id='word_1_323' title='bbox 470 3985 746 4088; x_wconf 85' lang='lat' dir='ltr'>liquias</span> <span class='ocrx_word' id='word_1_324' title='bbox 797 3986 934 4068; x_wconf 81' lang='lat' dir='ltr'>fibi</span> <span class='ocrx_word' id='word_1_325' title='bbox 986 3987 1145 4069; x_wconf 89' lang='lat' dir='ltr'>dari</span> <span class='ocrx_word' id='word_1_326' title='bbox 1198 3987 1641 4091; x_wconf 77' lang='lat' dir='ltr'>impetravit</span> <span class='ocrx_word' id='word_1_327' title='bbox 1684 4016 1703 4066; x_wconf 75' lang='grc' dir='ltr'>ε</span> <span class='ocrx_word' id='word_1_328' title='bbox 1776 4006 1963 4089; x_wconf 83' lang='lat' dir='ltr'>quas</span> <span class='ocrx_word' id='word_1_329' title='bbox 2013 3987 2267 4068; x_wconf 85' lang='lat' dir='ltr'>secum</span> <span class='ocrx_word' id='word_1_330' title='bbox 2322 3985 2552 4067; x_wconf 79' lang='lat' dir='ltr'>alacri</span> <span class='ocrx_word' id='word_1_331' title='bbox 2604 3980 2884 4087; x_wconf 86' lang='lat' dir='ltr'>gaudio</span> <span class='ocrx_word' id='word_1_332' title='bbox 2939 3981 3106 4057; x_wconf 65' lang='lat' dir='ltr'>Veae</span> 
     </span>
     <span class='ocr_line' id='line_1_37' title="bbox 355 4085 3096 4190; baseline -0.003 -24"><span class='ocrx_word' id='word_1_333' title='bbox 355 4142 419 4190; x_wconf 84' lang='lat'>,‚</span> <span class='ocrx_word' id='word_1_334' title='bbox 471 4086 717 4166; x_wconf 84' lang='lat' dir='ltr'>netias</span> <span class='ocrx_word' id='word_1_335' title='bbox 769 4086 1155 4187; x_wconf 73' lang='lat' dir='ltr'>deferens,</span> <span class='ocrx_word' id='word_1_336' title='bbox 1205 4088 1291 4169; x_wconf 82' lang='lat' dir='ltr'>in</span> <span class='ocrx_word' id='word_1_337' title='bbox 1341 4091 1648 4172; x_wconf 79' lang='lat' dir='ltr'>ecclelia</span> <span class='ocrx_word' id='word_1_338' title='bbox 1700 4090 1838 4175; x_wconf 88' lang='lat' dir='ltr'>sub</span> <span class='ocrx_word' id='word_1_339' title='bbox 1891 4088 2123 4170; x_wconf 85' lang='lat' dir='ltr'>titulo</span> <span class='ocrx_word' id='word_1_340' title='bbox 2163 4088 2236 4167; x_wconf 88' lang='lat' dir='ltr'>S.</span> <span class='ocrx_word' id='word_1_341' title='bbox 2279 4086 2565 4189; x_wconf 87' lang='lat' dir='ltr'>Juliani</span> <span class='ocrx_word' id='word_1_342' title='bbox 2608 4085 3096 4177; x_wconf 53' lang='lat' dir='ltr'>consecrata,</span> 
     </span>
     <span class='ocr_line' id='line_1_38' title="bbox 354 4183 3098 4293; baseline -0.004 -26"><span class='ocrx_word' id='word_1_343' title='bbox 354 4246 413 4293; x_wconf 88' lang='lat'>„</span> <span class='ocrx_word' id='word_1_344' title='bbox 468 4185 893 4269; x_wconf 84' lang='lat' dir='ltr'>honorifice</span> <span class='ocrx_word' id='word_1_345' title='bbox 943 4189 1358 4271; x_wconf 82' lang='lat' dir='ltr'>collocavit</span> <span class='ocrx_word' id='word_1_346' title='bbox 1399 4218 1426 4283; x_wconf 78' lang='lat'>3</span> <span class='ocrx_word' id='word_1_347' title='bbox 1498 4193 1634 4272; x_wconf 85' lang='lat' dir='ltr'>ubi</span> <span class='ocrx_word' id='word_1_348' title='bbox 1686 4191 1939 4273; x_wconf 85' lang='lat' dir='ltr'>eidem</span> <span class='ocrx_word' id='word_1_349' title='bbox 1991 4219 2034 4272; x_wconf 92' lang='lat' dir='ltr'>a</span> <span class='ocrx_word' id='word_1_350' title='bbox 2084 4192 2375 4293; x_wconf 87' lang='lat' dir='ltr'>populo</span> <span class='ocrx_word' id='word_1_351' title='bbox 2418 4187 2916 4269; x_wconf 77' lang='lat' dir='ltr'>Venetiamm</span> <span class='ocrx_word' id='word_1_352' title='bbox 2957 4183 3098 4258; x_wconf 60' lang='grc' dir='ltr'>ἀει-ι.</span> 
     </span>
     <span class='ocr_line' id='line_1_39' title="bbox 354 4287 3100 4393; baseline -0.002 -21"><span class='ocrx_word' id='word_1_353' title='bbox 354 4348 414 4393; x_wconf 89' lang='lat'>„</span> <span class='ocrx_word' id='word_1_354' title='bbox 471 4288 680 4372; x_wconf 84' lang='lat' dir='ltr'>bitus</span> <span class='ocrx_word' id='word_1_355' title='bbox 733 4287 982 4371; x_wconf 78' lang='lat' dir='ltr'>honor</span> <span class='ocrx_word' id='word_1_356' title='bbox 1033 4289 1139 4371; x_wconf 86' lang='lat' dir='ltr'>est</span> <span class='ocrx_word' id='word_1_357' title='bbox 1190 4290 1521 4371; x_wconf 81' lang='lat' dir='ltr'>delatus.</span> <span class='ocrx_word' id='word_1_358' title='bbox 2489 4320 2508 4330; x_wconf 93' lang='lat'>··</span> <span class='ocrx_word' id='word_1_359' title='bbox 3083 4320 3100 4335; x_wconf 79' lang='lat'>,</span> 
     </span>
    </p>
   </div>
   <div class='ocr_carea' id='block_1_3' title="bbox 466 4358 3193 4590">
    <p class='ocr_par' dir='ltr' id='par_1_4' title="bbox 466 4358 3193 4590">
     <span class='ocr_line' id='line_1_40' title="bbox 466 4358 3193 4566; baseline -0.007 -91"><span class='ocrx_word' id='word_1_360' title='bbox 466 4393 889 4494; x_wconf 83' lang='lat' dir='ltr'>„-1ncerta-</span> <span class='ocrx_word' id='word_1_361' title='bbox 928 4412 1241 4476; x_wconf 82' lang='lat' dir='ltr'>currunt</span> <span class='ocrx_word' id='word_1_362' title='bbox 1293 4391 1420 4473; x_wconf 87' lang='lat' dir='ltr'>sua</span> <span class='ocrx_word' id='word_1_363' title='bbox 1471 4391 1960 4477; x_wconf 81' lang='lat' dir='ltr'>volubilitate</span> <span class='ocrx_word' id='word_1_364' title='bbox 2015 4360 2404 4499; x_wconf 74' lang='lat' dir='ltr'>tempora,</span> <span class='ocrx_word' id='word_1_365' title='bbox 2451 4391 2547 4475; x_wconf 85' lang='lat' dir='ltr'>de</span> <span class='ocrx_word' id='word_1_366' title='bbox 2600 4380 3094 4566; x_wconf 47' lang='lat' dir='ltr'>secretitslgaz</span> <span class='ocrx_word' id='word_1_367' title='bbox 3187 4358 3193 4363; x_wconf 69' lang='grc'><strong>’</strong></span> 
     </span>
     <span class='ocr_line' id='line_1_41' title="bbox 696 4509 2894 4590; baseline 0.001 -21"><span class='ocrx_word' id='word_1_368' title='bbox 696 4556 711 4569; x_wconf 22' lang='grc' dir='ltr'>ἦ</span> <span class='ocrx_word' id='word_1_369' title='bbox 2676 4543 2734 4590; x_wconf 83' lang='grc'>,,</span> <span class='ocrx_word' id='word_1_370' title='bbox 2780 4509 2850 4567; x_wconf 88' lang='lat' dir='ltr'>tr</span> <span class='ocrx_word' id='word_1_371' title='bbox 2889 4568 2894 4571; x_wconf 79' lang='grc'><strong>,</strong></span> 
     </span>
    </p>
   </div>
  </div>
 </body>
</html>
