3934 5359
424 549 680 662 'quam
744 539 835 625 in
898 533 1059 622 hoc
1130 530 1342 644 mihi
1406 529 2038 645 temperandum
2107 525 2424 644 putabo
2460 585 2488 636 ,
2582 555 2772 622 cum
2839 556 3123 620 omnes

427 673 901 790 intelligant
969 698 1017 755 a
1086 662 1437 782 vestigiis
1504 660 2153 748 Clariffimorum
2219 663 2657 775 Virorum,
2731 692 2934 775 quos
3002 664 3122 748 su.

427 833 586 925 pra
653 799 1358 903 commemoravi,
1426 822 1593 879 non
1659 789 1805 879 effe
1845 791 2384 879 recedendum
2410 853 2438 895 ‚
2505 790 2563 875 fi
2634 792 2870 880 nobis
2937 821 3126 906 pro-

417 934 776 1053 positum
856 933 956 1018 {it
1046 928 1252 1015 illud
1345 925 1612 1041 ipsum
1700 921 1998 1038 affequi
2039 987 2066 1032 ‚
2157 925 2258 1012 ad
2327 923 2547 1041 quod
2643 923 2769 1007 illi
2823 924 3117 1034 ‘fausto

418 1068 698 1153 omine
761 1082 1313 1182 pervenerunt
1356 1120 1377 1143 .
1447 1061 1727 1171 Atque
1793 1056 1880 1140 in
1947 1055 2108 1141 hac
2176 1057 2510 1170 quidem
2569 1054 2905 1142 Decede
2963 1060 3117 1143 IV.

419 1197 728 1286 confilii
796 1197 961 1282 mei
1028 1194 1437 1279 rationem
1499 1219 1550 1276 a
1616 1186 2095 1274 Leaoribus
2168 1217 2332 1275 non
2401 1185 2970 1303 improbatum
3008 1190 3117 1274 iri

412 1327 744 1416 confido
785 1389 812 1416 .
898 1324 1327 1411 Nimirum
1414 1350 1572 1436 ope
1641 1319 2198 1434 diplomatum
2283 1320 2694 1437 integram
2752 1318 3119 1408 Graden-

416 1458 619 1546 fium
658 1458 1322 1546 Patriarcharum
1387 1453 1531 1568 qui
1575 1451 1795 1567 apud
1846 1454 2247 1539 Venetam
2291 1453 2498 1537 Divi
2539 1447 2906 1539 Silvestri
2950 1456 3106 1539 Ec-

414 1591 740 1679 clefiam
828 1589 1095 1674 sedem
1168 1585 1633 1673 habuerunt
1719 1580 2012 1668 seriem
2098 1599 2526 1700 exequor‘,
2614 1585 2696 1668 δε
2760 1581 2916 1670 hac
2975 1611 3116 1670 ve·

408 1722 573 1808 luti
620 1721 811 1808 sace
877 1719 1057 1806 usus
1125 1717 1503 1804 tenebras
1573 1712 1973 1832 quasdam
2039 1713 2438 1825 discutio,
2507 1744 2709 1831 quas
2744 1715 2975 1812 Clar.
2999 1720 3103 1800 V.

411 1851 975 1939 Ferdinandus
1020 1850 1425 1967 Ughellus
1492 1877 1599 1934 ex
1663 1845 2349 1933 documentorum
2413 1850 2694 1961 inopia
2737 1874 2903 1933 non
2945 1847 3095 1935 dis-

409 1985 778 2098 pulerat.
848 1985 1036 2067 Nec
1100 2007 1385 2067 tamen
1451 2007 1557 2066 ex
1621 1977 1778 2063 hoc
1845 1979 2061 2063 tanti
2132 1980 2291 2063 viri
2360 1980 2674 2063 meritis
2741 2006 2889 2092 per
2970 2006 3102 2065 me

410 2116 546 2199 vel
618 2114 1055 2200 minimum
1121 2112 1583 2200 detrahitur
1603 2144 1631 2226 3
1702 2108 1834 2195 sed
1904 2110 2258 2227 ingentis
2324 2112 2652 2224 operis,
2720 2108 2942 2226 quod
2997 2110 3114 2214 as·⁸

408 2243 909 2360 sumpserat,
977 2244 1527 2359 amplitudine
1595 2240 1700 2329 ad
1768 2264 1947 2348 tot,
2016 2247 2094 2329 8(
2163 2265 2335 2332 tam
2404 2241 2660 2330 dissuta
2726 2243 2908 2328 loca
2993 2242 3109 2328 di·

407 2363 737 2463 straRus
804 2406 972 2462 non
1037 2378 1325 2462 omnia
1386 2376 1774 2494 colligere
1836 2376 2116 2487 potuit
2157 2435 2185 2480 ‚
2256 2404 2433 2491 quae
2473 2373 2746 2462 *effent
2785 2375 2876 2463 in
2927 2404 3104 2461 rem

407 2506 635 2595 suam
699 2533 1172 2624 opportuna
1215 2571 1236 2594 .
1306 2504 1665 2592 Fortaffe
1734 2507 1813 2589 8<
1882 2505 2009 2592 illi
2078 2509 2431 2625 contigit
2485 2567 2512 2616 ,
2598 2507 2817 2622 quod
2889 2507 3100 2606 mihi

407 2639 776 2755 quotidie
846 2638 1139 2726 frustra
1204 2640 1742 2753 conquerenti
1832 2635 2279 2726 infeliciter
2370 2639 2718 2726 accidit.
2791 2640 3106 2726 -Nimi-

280 2790 351 2810 *N
403 2799 587 2856 rum
656 2772 1047 2885 plurimi,
1115 2799 1473 2885 quorum
1534 2767 1815 2885 magni
1876 2768 2216 2855 interest
2283 2767 2682 2855 Ecclefias
2776 2768 2945 2856 suas
3011 2769 3097 2855 il-

406 2901 779 3010 lustrari,
830 2903 987 2990 *vel
1053 2902 1233 2988 aliis
1280 2902 1497 2987 curis
1538 2895 1914 3007 distenti,
1986 2900 2176 3008 vel,
2246 2899 2467 3016 quod
2536 2899 2916 3014 suspicari
2961 2930 3102 2988 no·

405 3030 611 3143 lim,
680 3034 968 3148 supina
1010 3034 1310 3120 inertia
1352 3034 1821 3120 immobiles
1870 3061 1971 3118 ne
2009 3032 2378 3151 digitum
2413 3032 2748 3148 quidem
2816 3033 3103 3146 juvan-

400 3162 506 3249 do
574 3166 809 3279 operi
847 3155 1285 3251 admovere
1333 3167 1625 3252 volunt
1669 3226 1690 3249 .
1763 3172 2244 3280 Utcumque
2284 3194 2408 3252 res
2448 3164 2527 3251 se
2570 3165 2927 3273 habeat5
3001 3189 3096 3249 ut

402 3294 507 3382 ad
558 3297 1019 3413 Ughellum
1086 3322 1509 3404 revertar,
1581 3300 1987 3412 quosdam
2046 3298 2189 3384 ille
2246 3295 2695 3385 Gradenses
2753 3298 3109 3384 Patriar-

404 3426 598 3513 chas
660 3427 933 3513 omisit
978 3489 1007 3536 ‚
1099 3428 1496 3543 quosdam
1568 3430 2080 3546 temporibus
2153 3428 2308 3515 suis
2376 3458 2538 3514 non
2607 3429 2869 3515 affixit
2913 3488 2942 3538 ‚
3026 3431 3106 3514 8<

396 3556 649 3665 hinc,
719 3560 937 3673 quod
1006 3562 1150 3645 uni
1192 3558 1463 3646 fuerat
1514 3560 2094 3669 tribuendum,
2143 3560 2384 3647 alteri
2451 3588 2888 3675 perperam
2957 3559 3101 3644 tri-

402 3688 632 3775 buit.
704 3693 1260 3806 Diplomata‚
1326 3722 1500 3807 quae
1572 3693 1861 3780 datum
1929 3690 2041 3777 est
2110 3693 2322 3777 mihi
2390 3693 2815 3799 invenire,
2882 3693 3101 3778 lacu·

397 3848 543 3907 nas
608 3817 1028 3942 implent,
1094 3822 1467 3911 Praesules
1550 3826 1771 3911 reflo
1839 3824 2127 3909 ordine
2197 3823 2578 3943 'digerunt
2619 3885 2648 3931 ‚
2711 3809 2815 3941 ⁶⁵&
2884 3822 3102 3911 saera

354 3949 558 4039 ‘suis
626 3947 1554 4078 qualquetpmporibus
1621 3981 1855 4044 certo
1923 3954 2443 4043 adscribunt.
2514 3958 2761 4042 Hunc
2829 3955 3102 4069 ipsum

398 4110 448 4166 a
515 4071 1535 4201 diplomatibussfrufium
1604 4090 1989 4207 colligere
2058 4085 2345 4203 spero,
2415 4117 2597 4173 cum
2672 4088 3103 4173 chronolo-

397 4213 631 4329 giam,
693 4217 1018 4330 adoriar
1059 4217 1719 4335 Episcoporum‚
1789 4223 1937 4337 qui
1981 4218 2465 4306 Castellanae
2515 4281 2543 4329 ‚
2611 4222 2688 4305 8<
2759 4219 3097 4304 Torcel-

399 4344 600 4431 lanae
639 4333 1009 4435 Ecolefiae
1078 4350 1628 4465 praefuerunt,
1695 4356 1775 4438 &
1842 4349 2323 4462 Praefidum‚
2392 4353 2537 4470 qui
2602 4350 2747 4439 sub
2807 4349 3098 4435 Primi·

2766 4509 2964 4567 cern
