3934 5359
982 496 1155 589 304
1454 426 2213 546 Dss³Ec0LEs1A
2277 449 2975 539 Pnocnuu

1260 606 1951 708 Grandiloquisque
2005 603 2253 682 forent
2298 600 2509 681 Festa
2559 607 2894 687 canenda
2943 607 3230 693 modis.

1049 720 1175 802 Sic
1228 715 1460 796 etiam
1512 707 1767 788 decuit
1822 704 2077 782 vestra:
2133 703 2503 805 praeconia
2606 705 2803 787 entis

1262 808 1594 896 Sublimi
1647 804 1948 911 populis
2002 824 2185 883 nota
2234 802 2533 884 referre·
2619 805 2764 884 ilo,

1053 920 1199 1008 Sed
1247 941 1424 999 curn
1476 936 1637 995 non
1692 908 1963 989 habeat
2017 925 2315 985 tantum
2367 930 2583 989 mens
2635 905 2865 987 inscia
2917 912 3148 993 robur

1268 1012 1688 1098 Praetendat
1741 1008 2042 1089 levibus
2092 1028 2349 1100 texere
2397 1008 2692 1087 summa
2742 1011 3044 1093 metris.

1060 1224 1200 1304 UT
1251 1219 1306 1298 fi
1343 1212 1858 1316 'tranquillum
1911 1209 2112 1289 faelix
2164 1209 2474 1325 audacia
2526 1230 2832 1312 portum

1273 1315 1693 1418 Attigerit,
1744 1311 2002 1391 tendat
2056 1309 2147 1389 ad
2199 1311 2521 1390 meliora
2568 1311 2927 1427 chelym.

1059 1412 1890 1598 Efg⁰doec⁰¹0f2332⁰
1942 1409 2448 1593 faritissasslss'ss.
2482 1432 3119 1595 ‘Ri'ffioecoepm

1064 1544 1518 1800 ‘ruffi
1542 1542 1731 1797 ‘nm
1768 1537 2169 1816 3333„
2192 1612 2552 1817 maz
2600 1612 2939 1794 fam

1414 1744 1579 1800 erm
1724 1743 1766 1797 a
2777 1773 2798 1794 .

1071 1931 1297 2008 GENS
1351 1924 1628 2023 devota
1667 1922 1891 2016 Dee,
1946 1920 2425 1999 Teucrorum
2478 1910 2678 2000 clara
2728 1943 3061 2022 propago

1281 2023 1575 2105 Illirico
1626 2020 1872 2124 posuit
1925 2018 2197 2099 maenia
2250 2019 2510 2119 pulcra
2560 2021 2755 2101 salo.

1075 2130 1442 2227 Pergama
1491 2150 1648 2203 non
1700 2122 1997 2201 fuerant
2040 2141 2254 2199 tanto
2305 2120 2629 2221 speciosa
2671 2120 2939 2203 decore

1013 2266 1048 2277 κ
1274 2226 1487 2304 Cum
1542 2223 1761 2325 petiit
1812 2242 2107 2323 raptam
2160 2221 2451 2300 Graecia
2503 2242 2670 2302 tota
2722 2248 3052 2305 nurum.

1076 2327 1291 2407 Diva
1340 2325 1648 2427 quidem
1705 2323 2121 2424 Phrygiam
2173 2346 2522 2422 reparans
2576 2324 2823 2404 tutela
2868 2324 3168 2406 ruinam

1294 2424 1716 2531 Transtulit
1751 2424 2045 2509 ,Iliacos
2095 2447 2229 2523 per
2277 2421 2464 2509 freta
2517 2424 2747 2526 longa
2788 2426 3033 2506 Deos.

1070 2531 1168 2608 lu
1216 2526 1525 2606 Latium
1579 2527 1870 2605 AEnaeas
1923 2524 2200 2609 Siculis
2252 2523 2612 2604 deductus
2658 2528 2760 2607 ab
2811 2524 3037 2608 undis

1291 2627 1687 2707 Romuleae
1741 2626 2050 2707 tandem
2096 2623 2345 2727 gentis
2396 2624 2613 2728 origo
2665 2625 2851 2707 fuit.

1071 2729 1333 2810 Tutus
1384 2750 1459 2807 at
1508 2728 1862 2808 Adriacas
1915 2726 2234 2808 veniens
2286 2724 2691 2807 Anthenor
2741 2728 2823 2808 in
2872 2753 3088 2827 oras,

1284 2828 1654 2909 Providus
1706 2826 1978 2908 Illirici
2028 2826 2263 2930 coepit
2316 2852 2604 2915 amaena
2653 2827 2891 2911 finus.

1075 2930 1628 3031 Euganeosque
1677 2928 1946 3032 fugans
1966 2982 1994 3024 ,
2044 2930 2334 3017 Enetos
2355 2984 2382 3025 ‚
2436 2930 2828 3031 Troasque
2882 2928 3220 3030 locavit,

1287 3031 1391 3115 Et
1447 3032 1836 3110 Venetum
1887 3030 2101 3130 genti
2157 3055 2439 3109 nornen
2495 3029 2794 3132 utrique
2845 3030 3094 3112 dedit.

1077 3130 1453 3229 Pluraque
1506 3155 1686 3211 cum
1737 3129 2013 3209 starent
2054 3132 2374 3210 Venetae
2426 3129 2864 3231 fundamina
2914 3131 3164 3233 gentis

1298 3227 1671 3309 Tentavit
1723 3228 1969 3333 pelagi
2024 3230 2334 3308 subdere
2386 3228 2545 3326 jura
2597 3229 2768 3319 fibi,
2828 3306 2854 3323 ,,

1079 3331 1285 3411 Urbs
1336 3354 1637 3432 quoque
1689 3328 2058 3432 paulatim
2111 3330 2383 3418 mediis
2435 3331 2790 3418 fundatur
2841 3331 2925 3419 in
2980 3333 3249 3433 undis,

1295 3433 1493 3531 Quae
1544 3453 1767 3532 caput
1824 3431 1914 3512 δε.
1950 3455 2030 3509 re
2085 3431 2164 3511 ni
2218 3433 2509 3512 summa
2557 3432 2643 3510 fit
2689 3457 2839 3511 una
2882 3434 3107 3513 novi.

1087 3530 1281 3611 Inde
1334 3550 1546 3611 tenet
1594 3555 1878 3609 nornen
1919 3530 2186 3610 mutis
2237 3557 2703 3628 commune,
2753 3559 3172 3636 regensque

1299 3631 1460 3710 Tot
1515 3633 1854 3734 populos·
1889 3632 2180 3732 sceptro
2233 3632 2740 3734 multiplicata
2791 3635 2977 3717 sono
3028 3635 3174 3721 est.

1082 3733 1402 3832 Jamque
1456 3735 1644 3827 adeo
1695 3732 1938 3817 crevit
1992 3734 2021 3831 (
2064 3730 2228 3830 fic)
2286 3734 2589 3834 vulgata
2644 3760 2777 3837 per
2824 3738 3140 3835 orbem,

1083 3844 1086 3847 ’
1296 3833 1546 3913 Roma
1597 3833 1686 3911 fit
1739 3854 1825 3912 ut
1869 3832 2173 3912 Veneta
2224 3834 2516 3913 viribus
2558 3836 2770 3917 Urbe
2813 3836 3104 3921 minor..

1088 3929 1479 4015 finitimis
1532 3932 1766 4014 etiarn
1821 3932 2123 4032 populis
2175 3933 2467 4029 invisa,
2515 3957 2852 4019 remotos

1284 4032 1554 4112 Vincit
1606 4032 1680 4117 8(
1733 4031 2120 4132 imperitat
2174 4058 2303 4133 per
2352 4033 2581 4119 maris
2632 4062 2863 4126 omne
2916 4041 3152 4123 latus.

1079 4130 1271 4211 Uita
1319 4131 1627 4234 quidem
1680 4135 1974 4234 patrea,
2029 4132 2250 4214 vietis
2301 4134 2739 4219 dominatur
2791 4140 3155 4225 Achivis:

1290 4234 1553 4319 Fraena
1607 4232 1813 4311 dedit
1867 4232 2178 4314 domitis
2234 4235 2569 4319 hostibus
2621 4242 2853 4343 usque
2904 4240 3091 4327 suis.

1086 4331 1211 4423 Sic
1264 4329 1401 4409 soli
1456 4330 1779 4431 subjeeta
1831 4335 2012 4415 Deo
2063 4360 2248 4435 gens
2300 4337 2594 4439 inclyta
2642 4338 2941 4425 summo

1271 4429 1574 4530 Caelica
1623 4434 1948 4525 solemni
2002 4437 2324 4531 numina
2372 4464 2590 4532 more
2639 4443 2831 4535 colit
2851 4501 2871 4531 ⁹

3317 4546 3489 4638 Flu«
