3934 5359
1041 452 1208 535 280
1467 444 1742 528 -Dss
1858 428 3123 527 M0N³As,-r1-:R·16‘

913 596 1014 684 θ’
1063 594 1393 699 Ecclestae
1447 590 1525 672 in
1580 590 1780 671 dista
1842 588 2177 669 civitate
2250 591 2328 667 in
2379 584 2529 670 loco
2586 591 2689 669 ad
2734 588 2818 668 id
2864 572 3246 691 opportuno
3285 572 3601 691 propriis

897 699 1312 808 sumptibus
1364 694 1609 776 8²¹6&ae
1644 750 1671 790 ,
1742 691 1840 770 Θ·
1894 690 2358 770 ‹td-debitam
2412 687 2753 794 clausurae
2796 692 3118 793 sormam
3175 716 3438 790 aptatae
3490 723 3603 773 re-

898 803 1284 907 periuntur
1334 803 1363 899 (
1402 803 1473 876 A
1514 796 1589 894 )3
1638 814 2086 896 quapropter
2136 795 2600 895 summopere
2656 797 3065 893 exoptabat·
3101 797 3459 891 Senatus,
3516 817 3611 875 ut

916 901 1464 987 Monasterium
1521 898 1762 997 ipsum
1808 894 2235 995 Apostolica
2289 895 2671 974 Pontificis
2737 896 3147 973 Alexandri
3200 896 3613 975 authorita-

916 1029 992 1087 te
1045 1005 1501 1103 erigeretur,
1554 999 1626 1075 8<
1680 996 2237 1087 institueretur,
2289 997 2422 1075 sub
2459 1022 2544 1073 ea
2588 1019 2840 1075 tamen
2862 995 3359 1092 conditione,
3406 997 3613 1095 quod

913 1102 1463 1186 Monasterium
1511 1098 1800 1200 ipsum,
1853 1118 2113 1197 utpote
2178 1094 2267 1173 de
2327 1095 2528 1174 bonis
2566 1090 3006 1194 Reipublicae
3044 1080 3457 1193 fundatum
3483 1095 3612 1196 fit,

926 1216 1028 1288 Ο*
1067 1206 1205 1323 ςβὶ·
1249 1194 1711 1297 intelligatur
1734 1197 2350 1295 jurispatronatus
2389 1196 2708 1294 ejusdem
2731 1190 3172 1297 Reipublicae
3193 1255 3213 1274 .

925 1322 930 1331 '
990 1308 1144 1386 Pits
1165 1302 1631 1405 Reipublicae
1659 1299 1855 1378 votis
1894 1299 2221 1399 benigne
2246 1299 2514 1376 annuit
2543 1298 2935 1393 PontifeX,
2978 1320 3199 1399 atque
3228 1297 3616 1378 Pastoralis

922 1407 1291 1491 officiisui
1321 1425 1560 1505 partes
1598 1403 1928 1481 libenter
1964 1401 2057 1477 ad
2102 1399 2289 1478 tanti
2332 1400 2576 1500 operis
2602 1398 3132 1499 perfefflonem
3177 1400 3622 1500 impendens

920 1507 1370 1589 Patriarchae
1431 1503 1924 1581 Venetiarum
1982 1499 2172 1580 datis
2222 1500 2344 1580 die
2412 1523 2530 1578 x1.
2584 1500 3053 1580 Novembris
3126 1526 3330 1579 anno
3404 1511 3614 1601 1657.

929 1608 1286 1711 Epistolis
1341 1602 1727 1682 mandavit
1781 1605 1809 1703 (
1851 1600 2048 1698 B),
2118 1621 2486 1702 quatenus
2539 1598 2721 1680 aedes
2760 1599 3153 1699 praedistas
3186 1600 3474 1700 sacra,
3528 1600 3625 1680 (θ’

913 1709 1233 1813 profana
1269 1695 1758 1807 suppellectili
1792 1700 2240 1804 sufficienter
2311 1701 2692 1805 {nstv-ustas
2744 1701 2823 1778 in
2889 1700 3415 1806 Monasterium
3469 1712 3631 1780 Mo-

926 1807 1244 1890 nialium
1299 1803 1589 1885 Ordinis
1636 1813 2034 1881 Servorum
2081 1812 2165 1881 Β.
2219 1812 2332 1881 M.
2386 1809 2463 1879 V.
2491 1800 2830 1904 secundae
2849 1801 3386 1904 reformationis
3413 1812 3624 1881 Mon-

928 1910 1030 1993 tis
1068 1906 1360 1989 senarii
1401 1927 1829 2004 nuncupatae
1867 1903 2011 2017 sub
2060 1900 2314 2001 regula
2373 1903 2631 1982 sancti
2672 1901 3065 2007 Augustini
3098 1960 3125 2002 ,
3194 1903 3294 1983 Θ*
3332 1903 3473 2005 sub
3526 1901 3631 1981 in-

927 2011 1319 2093 vocatione
1367 2006 1652 2086 Sanflae
1675 2015 1942 2084 Marus
1992 2003 2087 2085 de
2126 2004 2445 2084 planetu
2482 2028 2616 2105 pro
2665 2005 3088 2100 commoda,
3139 2010 3238 2084 O*
3278 2026 3632 2109 perpetuo

933 2110 1391 2195 habitatione
1442 2105 1653 2187 unius
1694 2105 2091 2210 Abbatiffae
2128 2161 2155 2203 ,
2212 2107 2325 2186 Ο*
2382 2104 2923 2207 quatuordecim
2973 2103 3432 2187 Monialium
3502 2107 3637 2186 eri-

932 2236 1143 2317 geret
1195 2215 1270 2291 &
1321 2211 1789 2305 institueret,
1841 2236 1928 2287 ac
1966 2207 2099 2304 jus
2148 2230 2523 2288 atronatus
2542 2207 2726 2287 dieii
2750 2206 3229 2314 Monasterii,
3280 2213 3380 2288 0⁴
3434 2202 3634 2287 illius

933 2326 1039 2396 Ec
1048 2311 1270 2417 clestae
1307 2319 1732 2391 Venetorum
1771 2309 2006 2408 Reipu
2052 2231 2213 2389 ἄιε
2251 2331 2594 2409 perpetuo
2642 2310 3053 2414 reservaret
3070 2367 3099 2409 ,
3149 2309 3262 2389 ita
3312 2306 3413 2388 <5⁴
3465 2303 3634 2389 tali-

933 2440 1048 2497 ter
1098 2438 1182 2494 ut
1232 2408 1600 2493 Moninles
1648 2409 1889 2513 quoad
1936 2407 2373 2512 temporalia
2422 2433 2719 2494 tantum
2758 2413 2900 2515 sub
2952 2440 3126 2493 cura
3165 2468 3192 2511 ,
3234 2409 3587 2511 gubernio
3607 2466 3631 2507 ,

931 2519 1033 2599 Φ*
1068 2510 1582 2618 superioritate
1630 2512 1952 2613 ejusdem
1993 2511 2433 2615 Reipublicae
2473 2573 2500 2615 ,
2572 2518 2672 2596 δ’
2711 2538 2844 2617 pro
2915 2538 3235 2616 tempore
3283 2513 3636 2620 existente

933 2614 1141 2698 illius
1189 2614 1672 2718 Magistratus
1691 2613 2159 2730 Prowsorum
2196 2619 2418 2718 super
2459 2616 2966 2723 Monasterr‘is,
3018 2617 3098 2696 in
3165 2612 3468 2718 reliquis
3517 2641 3637 2693 ve·

935 2750 1015 2800 ro
1039 2722 1298 2825 purae,
1348 2719 1448 2798 Θ*
1466 2818 1479 2830 ·
1495 2714 1844 2816 regimini
1894 2717 2107 2821 apstus
2155 2719 2601 2802 Patriarcbae
2621 2776 2648 2818 ,
2694 2722 2794 2800 O*
2828 2719 3302 2823 succefforum
3339 2718 3637 2819 suorum

931 2823 1027 2903 de
1065 2822 1238 2919 jure
1272 2819 1809 2920 subjtcerentur
1848 2877 1868 2898 .
1938 2820 2152 2900 Cum
2204 2847 2389 2901 vero
2440 2824 2533 2901 de
2604 2823 2810 2903 felici
2870 2818 3343 2901 Fundatricis
3406 2818 3635 2901 'obitu

932 2922 1290 3011 Pontifex
1341 2922 1588 2999 adhuc
1641 2920 1943 3021 ignarus
1997 2923 2217 3020 esset,
2272 2924 2588 3023 adjecit,
2641 2945 2726 3002 ut
2778 2950 2822 3004 e
2866 2922 3336 3003 Monasterio
3388 2919 3637 3001 Buria-

936 3023 1148 3104 nenfi
1212 3020 1552 3101 Mariam
1600 3020 2092 3100 'Benediffam
2133 3079 2160 3119 ,
2233 3023 2333 3103 (9⁴
2409 3017 2597 3104 alias
2647 3024 2830 3105 duas
2892 3019 3263 3102 Moniales
3328 3021 3643 3122 expreffe

928 3124 1212 3225 profeff
1197 3152 1273 3202 as
1323 3122 1711 3203 memorati
1772 3122 2201 3225 Monasterii
2260 3124 2526 3224 Oppidi
2584 3124 2676 3205 de
2735 3135 3028 3205 Burano
3068 3121 3342 3224 peritia
3385 3122 3642 3220 guber-

938 3222 1178 3303 nandi
1218 3221 1569 3323 praeditas
1621 3221 2191 3323 desuperiorum
2240 3221 2555 3306 licentia
2606 3229 2999 3328 assumeret
3022 3284 3047 3325 ,
3100 3228 3175 3306 8<
3228 3225 3328 3305 ad
3365 3222 3642 3303 dietum

938 3353 1220 3405 novum
1262 3323 1794 3429 Monasterium
1827 3370 1832 3379 -
1867 3324 1977 3403 ibi
2012 3348 2355 3426 perpetuo
2428 3329 2810 3431 mansuras
2861 3330 3263 3409 deduceret
3286 3383 3313 3426 ,
3369 3355 3464 3406 eo
3517 3351 3643 3428 po·

942 3427 1306 3509 tiffimum
1330 3427 1689 3525 confilio,
1745 3448 1829 3507 ut
1882 3428 2264 3529 saeculares
2308 3431 2893 3511 adolescentulas
2936 3431 3119 3511 illuc
3164 3431 3644 3509 introducen-

936 3530 1068 3610 das
1120 3529 1392 3610 ritibus
1432 3585 1459 3628 ,
1531 3530 1873 3610 moribus
1912 3586 1940 3628 ,
2010 3531 2086 3610 8<
2140 3530 2499 3611 institutis
2538 3533 3042 3633 Regularibus
3093 3530 3275 3610 dieti
3329 3527 3645 3609 Ordinis

931 3629 1434 3725 instruerent,
1485 3631 1653 3732 ipsae
1706 3657 1888 3710 vero
1941 3631 2210 3732 puellae
2262 3632 2529 3712 statuta
2581 3633 2821 3715 forma
2863 3633 3493 3729 admitterentur,
3542 3650 3651 3708 at·

938 3756 1089 3834 que
1140 3730 1477 3811 habitum
1532 3758 1661 3834 per
1706 3732 2095 3812 Moniales
2133 3732 2593 3832 Cappucinas
2643 3732 2734 3813 de
2783 3743 3073 3813 Burano
3137 3733 3416 3837 gestari
3469 3724 3655 3832 soli-

937 3853 1100 3911 tum
1139 3831 1591 3934 susciperent
1609 3889 1636 3929 ,
1688 3832 1788 3912 Θ·
1828 3827 2069 3935 elapso
2126 3832 2577 3931 probationis
2622 3864 2814 3915 anno
2863 3836 3363 3938 profeffionem
3428 3833 3652 3913 emit-

937 3952 1188 4012 terent
1230 3992 1249 4012 .
1323 3935 1535 4015 Cum
1589 3955 1847 4013 autem
1915 3935 2271 4015 Pontifici
2345 3936 2785 4017 nuntiatum
2838 3942 3059 4032 effet,
3118 3937 3459 4017 Mariam
3512 3936 3645 4013 Be-

939 4033 1320 4115 nedictam
1376 4063 1419 4116 e
1473 4034 1671 4114 vivis
1723 4054 1901 4115 ante
1956 4034 2528 4117 translationem
2583 4039 2995 4137 excessisse,
3052 4040 3201 4141 ipse
3246 4040 3341 4117 ad
3365 4033 3647 4116 Veneti

937 4135 1257 4216 Senatus
1312 4162 1565 4238 preces
1613 4134 1943 4212 Mariam
1990 4137 2521 4218 Innocentiam
2564 4140 3087 4221 Contarenam
3131 4139 3475 4240 speetatae
3505 4137 3656 4214 vir-

942 4236 1134 4316 tutis
1188 4237 1273 4315 in
1324 4237 1596 4315 eodem
1641 4234 2110 4315 Monasterio
2132 4237 2797 4323 Sanffimonialem
2854 4245 2934 4323 in
2977 4240 3343 4321 defuncta:
3394 4241 3656 4319 locum

941 4334 1292 4428 suffecit,
1344 4359 1565 4437 atque
1622 4336 1712 4413 de
1753 4336 2155 4417 Pontificia
2206 4343 2673 4426 conceffione
2726 4366 2893 4423 tum
2934 4345 3448 4423 Patriarcham
3503 4342 3661 4418 Ve-

947 4439 1378 4534 netiarum,
1432 4458 1598 4518 tum
1645 4438 2195 4523 Torcellanum
2218 4441 2680 4548 Episcopum
2732 4446 3073 4530 conscios
3122 4445 3296 4530 fieri
3349 4441 3666 4525 manda·

3392 4546 3503 4626 vit
3524 4597 3541 4620 .
