3934 5359
855 452 1276 535 Saum-1
1343 447 1803 560 JumANt
1867 447 2517 533 Man-rimus,
2761 470 2924 561 333

350 639 407 739 3,
1204 633 1296 711 ‚L
1360 592 1445 711 Ε
1498 628 1575 713 c
1635 624 1974 709 Tro
2098 630 2200 709 V.

344 846 402 892 „
474 834 477 839 ·
676 793 829 870 luc
878 788 1026 888 est,
1073 788 1277 890 quod
1327 788 1510 868 licet
1550 786 1711 890 post
1771 787 2174 890 ingressum
2228 790 2441 869 suum
2473 795 2576 872 -ad
2623 792 2860 874 Patris
2900 797 3060 897 glo-

346 946 403 994 „
724 891 967 989 riam,
1014 917 1226 1006 aqua
1267 911 1648 987 venerat,
1675 890 2007 970 animam
2049 890 2614 973 B.Confessoris
2658 896 2873 975 Pauli
2914 896 3060 999 pri-

344 1050 402 1095 „
454 995 566 1074 mi
616 993 975 1073 Eremitae
1028 992 1395 1093 spirituali
1446 992 1864 1073 certamine
1915 993 2303 1089 attritam,
2354 995 2864 1098 afflifiiamque
2905 1053 2933 1095 ,
2985 1000 3062 1079 8<

344 1152 402 1195 ‚,
452 1095 666 1197 gravi
715 1096 1244 1179 consummato
1299 1095 1602 1190 labore,
1650 1092 2198 1195 triumphoque
2254 1118 2465 1196 parto
2517 1098 2606 1175 ad
2661 1098 3062 1198 praemium

344 1250 397 1296 ,‚
451 1222 779 1291 vocans,
830 1195 1077 1297 dignis
1098 1194 1447 1274 affecerat
1489 1194 1750 1295 gloriae
1772 1195 2121 1291 coronis,
2174 1218 2610 1276 nontamen
2647 1200 2771 1277 vel
2813 1199 3059 1299 ipsum

343 1352 400 1398 „
450 1298 804 1378 exanime
856 1298 1011 1397 ejus
1063 1323 1381 1396 corpus,
1431 1295 1637 1397 quod
1689 1295 1892 1395 prius
1945 1322 2076 1396 per
2128 1296 2450 1395 spatium
2506 1300 2889 1399 sexaginta
2928 1328 3064 1381 an«

340 1450 397 1497 ,‚
450 1426 776 1494 norum,
831 1420 912 1478 ut
947 1400 1233 1476 dudum
1275 1397 1532 1475 Eliam
1581 1399 2033 1496 Prophetam
2080 1398 2499 1478 ministerio
2544 1401 2787 1479 Corvi
2838 1426 3060 1501 paveq

338 1555 405 1602 „
446 1521 610 1597 rat,
660 1500 971 1601 reliquis
1020 1501 1307 1600 septem
1359 1499 1436 1576 &
1489 1496 1800 1597 triginta
1854 1498 2234 1598 prioribus
2282 1501 2531 1600 palma
2594 1501 2713 1580 illi
2769 1501 3061 1595 vic’t'um

338 1655 403 1701 „
455 1603 836 1706 praebente
877 1656 906 1697 ,
976 1604 1079 1679 ob
1133 1600 1308 1679 vitae
1361 1598 1517 1697 ejus
1568 1599 1839 1699 ingens
1891 1599 2252 1677 meritum
2296 1656 2322 1697 ,
2375 1601 2661 1683 diutius
2715 1602 2795 1680 in
2849 1602 2987 1682 fitu
3029 1660 3060 1701 ‚

340 1758 399 1800 „
453 1730 544 1784 ac
598 1704 908 1804 pulvere
964 1702 1199 1799 jacere
1252 1702 1534 1803 paffus,
1583 1701 1707 1778 sed
1758 1723 1846 1778 ut
1894 1704 1994 1793 ab
2066 1703 2427 1781 omnibus
2478 1704 2781 1804 dignius
2835 1728 3056 1793 vene,-

344 1854 402 1902 „
454 1825 793 1902 terretur,
846 1803 1095 1886 voluit
1148 1802 1232 1882 in
1286 1801 1681 1906 publicum
1733 1803 2091 1904 produci.
2151 1805 2284 1881 Tu
2321 1824 2605 1903 autem,

1182 2008 1944 2112 'LECTIO
2067 2028 2234 2111 vl.

353 2086 411 2133 υ

338 2261 399 2307 ‚‚
451 2201 975 2391 PROINDE
1017 2204 1546 2304 magnanimus
1590 2203 1945 2304 Princeps
1985 2203 2380 2282 Dominus
2397 2202 2775 2283 Emanuel
2821 2204 3065 2304 Impe-

338 2361 397 2407 ,‚
642 2327 871 2385 ,rator
892 2304 1836 2404 Constantinopolisstanus,
1885 2305 2141 2383 audita
2192 2305 2348 2402 ejus
2399 2306 2596 2383 sama
2647 2302 2841 2404 iuffit
2886 2318 3068 2385 eum

342 2462 402 2507 ‚,
455 2428 677 2485 terrae
728 2403 1024 2505 gremio
1076 2404 1377 2501 effodi,
1447 2404 1937 2504 effossumque
1991 2406 2285 2506 ingenti
2337 2408 2582 2504 gloria
2633 2405 3070 2485 Constantie

334 2564 394 2610 „
448 2506 799 2606 nopolim
857 2531 985 2605 per
1038 2504 1223 2582 vasti
1276 2505 1503 2585 maris
1554 2505 1898 2605 ingentia
1951 2506 2235 2606 spatia,
2289 2532 2415 2606 per
2469 2507 2841 2606 spumosas
2896 2507 3068 2586 hor·-

329 2667 389 2714 „
441 2607 783 2705 rentium
831 2606 1197 2687 finanum
1242 2610 1477 2689 undas
1518 2607 1947 2703 transferri,
1999 2607 2176 2686 &in
2220 2607 2597 2704 Ecclesia,
2648 2632 2875 2708 quam
2915 2606 3071 2706 ipse

336 2769 394 2814 ‚‚
450 2736 739 2790 novam
789 2711 1008 2787 Divae
1049 2709 1358 2809 Virgini
1408 2731 1794 2806 erexerat,
1847 2709 2113 2807 reponi
2155 2767 2174 2786 .
2253 2708 2461 2788 Hinc
2516 2714 2748 2788 Anno
2791 2706 3064 2786 Domi-

338 2869 397 2914 ‚,
453 2810 647 2890 nicae
738 2810 1291 2890 Incarnationis
1386 2809 1790 2889 millesimo
1858 2809 2368 2890 ducentesimo
2440 2806 3002 2912 quadragefimo
3040 2858 3071 2904 ‚
3159 2829 3191 2860 ··

344 2971 402 3015 ‚‚
457 2912 702 3013 sparso
758 2911 1299 2990 miraculorum
1354 2912 1513 3010 ejus
1567 2936 1870 2990 rumore
1911 2967 1939 3007 ,
1993 2912 2112 2991 vir
2164 2912 2470 2993 illustris
2513 2914 2831 3012 Jacobus
2875 2911 3070 2989 Lan·-

341 3068 403 3117 „
454 3014 585 3097 zio
627 3011 853 3093 Civis
898 3014 1285 3108 Venetus,
1336 3037 1566 3114 quem
1619 3014 1862 3091 virtus
1914 3013 1995 3091 in
2051 3013 2359 3115 primis,
2407 3015 2486 3093 Bc
2528 3011 2916 3093 Senatoria
2957 3009 3069 3089 di·.

353 3173 414 3219 ‚‚
468 3114 764 3216 gnitas,
816 3139 1198 3215 opumque
1252 3115 1596 3216 splendor
1649 3113 2116 3212 illustrabat,
2173 3118 2668 3196 vehementer
2715 3111 3075 3207 affestus,

360 3270 419 3316 ‚,
473 3214 827 3295 instruc’ta
878 3218 1144 3309 classe,
1196 3218 1492 3297 solvens
1531 3217 2034 3297 aVenetian'o
2075 3212 3075 3318 portuConstantinopolim

366 3372 431 3416 „
485 3315 746 3409 venit,
798 3314 1129 3414 ibiqueo
1182 3319 1383 3393 erosa
1421 3315 1936 3419 sollicitudine
1958 3345 2230 3419 corpus
2263 3318 2425 3414 ejus
2469 3317 2953 3418 impetravit,
3005 3312 3082 3393 8(

366 3473 425 3519 „
483 3415 847 3494 Venetias
900 3436 1101 3497 trans
1133 3442 1393 3513 erens,
1444 3416 1526 3494 in
1570 3416 1900 3497 Ecclesia
1939 3421 2011 3497 S.
2031 3418 2319 3516 Juliani
2345 3418 2717 3517 Martyris
2772 3412 3082 3493 honori-

356 3575 419 3620 „
472 3517 616 3598 fice
668 3517 1078 3597 collocavit
1114 3573 1145 3615 ,
1214 3520 1360 3598 hoc
1431 3519 1594 3596 solo
1646 3518 1960 3619 pignore
2029 3518 2453 3598 feliciorem
2517 3520 2809 3597 Urbem
2874 3528 3085 3616 repu-

363 3678 427 3721 ‚‚
479 3641 688 3699 tans.
747 3619 877 3696 Tu
930 3640 1207 3697 autem.
1368 3670 1373 3675 -
2063 3658 2072 3665 ·
2563 3653 2570 3659 ·

366 3800 373 3806 ,
471 3721 703 3801 Hisce
757 3718 1114 3799 addufflus
1184 3720 1653 3820 argumentis
1704 3720 2118 3801 Bollandus
2187 3722 2338 3822 ipse
2411 3721 2493 3799 in
2553 3715 2934 3798 Addendis
2985 3711 3081 3797 ad

354 3826 566 3905 diem
612 3846 681 3901 x.
725 3820 1061 3922 Ianuarii
1116 3847 1278 3921 pag.
1316 3828 1520 3901 1108.
1578 3848 1737 3903 non
1788 3823 1980 3901 adeo
2013 3845 2298 3903 certam
2344 3822 2798 3922 Hungaricae
2842 3841 3080 3897 trans·

350 3925 669 4009 lationis
724 3921 1108 4011 historiam
1164 3925 1303 4007 effe
1342 3923 1670 4023 denique
1724 3923 1990 4021 sensit,
2044 3946 2126 4003 ut
2165 3921 2572 4026 verifimile
2611 3922 3081 4002 existimave-

352 4027 460 4108 rit
520 4052 667 4103 non
705 4023 1075 4120 integrum
1107 4046 1354 4123 corpus
1391 4033 1465 4103 S.
1508 4017 2094 4107 Pauli-Venetiis
2131 4025 2214 4103 in
2259 4023 2725 4124 Hungariam
2763 4015 3082 4102 transla-

353 4152 577 4222 tum,
612 4121 754 4227 βοά
800 4120 1087 4225 aliquas
1139 4128 1293 4223 ejus
1332 4149 1649 4225 parteS,
1722 4130 1926 4227 quod
1979 4131 2303 4229 Jacobus
2341 4130 2716 4209 Cavatius
2789 4123 3084 4226 pridem

350 4230 850 4311 adnotaverat
900 4229 1095 4329 apud
1138 4230 1640 4309 Fortunatum
1686 4230 2012 4309 Ulmum
2071 4233 2149 4309 in
2204 4233 2534 4327 ejusdem
2581 4230 3080 4335 Anachoreta:

349 4330 525 4411 vita
580 4327 842 4406 Italice
896 4329 1096 4428 typis
1148 4329 1346 4407 edita
1402 4354 1581 4409 cum
1632 4331 1835 4409 notis
1883 4388 1900 4407 .
1979 4333 2411 4432 Deploratae
2463 4335 2696 4411 causae
2751 4330 2910 4405 haec
2964 4346 3076 4403 vt-

355 4433 637 4515 dentur
687 4428 1057 4533 praefidia,
1107 4455 1273 4532 qum
1323 4429 1599 4515 idoneo
1651 4429 1833 4514 teste
1885 4433 2108 4513 nullo
2157 4433 2682 4535 proferuntur.
2859 4525 2985 4603 Ex
