3934 5359
940 420 1099 503 332
1392 399 1556 481 DE
1626 396 2173 481 ECCLEsm
2236 394 3002 483 macomus·

808 541 1164 625 exanime
1213 568 1458 644 corpus
1507 545 1599 625 de
1634 540 1956 648 Ecclefia
1993 554 2065 623 S.
2068 553 2141 648 J
2142 538 2383 623 ulia'm'
2421 559 2832 619 memorata
2854 535 3307 640 suscipiunt.
3359 538 3528 641 Jam
3611 588 3629 605 -

817 672 911 728 ex
936 646 1268 749 superius
1288 647 1534 727 allatis
1557 646 2043 749 scriptoribus
2064 642 2518 761 agnovimus
2542 641 3023 742 Hungaricos
3044 639 3353 722 nuntios
3379 643 3530 722 Ve-

816 747 1058 828 netias
1109 747 1464 849 ingressos
1514 747 1637 827 die
1677 770 1766 826 11.
1810 743 2166 826 ORobris
2217 801 2244 844 ,
2303 770 2482 825 cum
2535 743 2787 846 itaque
2830 795 2857 839 ‚
2933 763 3015 823 ut
3068 746 3530 845 Anonymus

817 847 959 928 fibi
1004 848 1231 949 fingit
1283 842 1684 948 lucescente
1726 844 1848 927 die
1886 868 2157 947 quarta
2197 847 2530 950 ejusdem
2584 842 2850 925 menfis
2899 840 3248 923 exanime
3287 865 3531 941 corpus

816 945 912 1027 de
945 942 1269 1051 Ecclesta
1307 940 1698 1051 &saliani
1738 949 2240 1052 susceperint,
2289 945 2819 1047 consequitur,
2869 945 3066 1025 intra
3107 944 3335 1025 unius
3374 944 3532 1024 diei

814 1049 1187 1150 spatium,
1238 1074 1401 1150 quae
1453 1051 1687 1130 altera
1737 1073 1895 1129 erat
1968 1053 2066 1130 ab
2118 1051 2451 1152 ipsorum
2503 1049 2881 1144 adventu,
2931 1045 3333 1148 legationis
3385 1046 3530 1125 suae

815 1148 1115 1229 causam
1170 1152 1247 1229 P.
1291 1152 1390 1257 C.
1444 1152 1896 1254 exposuisse,
1947 1152 2228 1231 collata
2278 1151 2370 1229 de
2422 1149 2919 1230 concedendis
2970 1148 3188 1229 sacris
3259 1146 3532 1228 offibus

812 1248 1024 1331 fuisse
1066 1250 1297 1331 ‘suffra
1353 1252 1471 1349 ia,
1521 1272 1745 1356 atque
1797 1253 1891 1331 de
1942 1251 2111 1354 ipsis
2162 1251 2249 1332 in
2297 1252 2584 1333 secreto
2634 1245 2954 1351 lucifuge
3021 1250 3049 1347 (
3091 1250 3271 1329 subs
3357 1273 3534 1329 uen-

813 1349 964 1447 tis)
1017 1349 1249 1431 noblis
1287 1277 1581 1454 {lentio
1633 1352 2053 1436 auferendis
2106 1373 2404 1454 recepta
2454 1351 2782 1432 Civium
2832 1348 3188 1448 consilia,
3235 1348 3304 1428 fa
3429 1374 3531 1427 m-

819 1473 970 1553 que
1023 1451 1650 1535 deliberationem
1695 1511 1723 1554 ,
1774 1480 1936 1535 rem
1990 1454 2165 1534 deni
2223 1479 2317 1534 ue
2368 1478 2465 1532 ex
2515 1452 2815 1553 integro
2960 1448 3279 1530 rafiam.
3356 1452 3539 1530 Haec-

828 1552 1092 1633 omnia
1144 1580 1284 1656 pro
1336 1555 1564 1656 genio
1635 1556 2097 1657 ingenioque
2205 1582 2305 1635 uo
2356 1553 2780 1655 composuit
2907 1552 3302 1654 ungaricus
3351 1551 3539 1631 Scri·

806 1673 1042 1753 -ptor,
1091 1655 1225 1757 qui
1278 1658 1470 1737 bene
1549 1658 1868 1739 senserat
1909 1712 1938 1756 ,
2007 1672 2381 1759 quantum
2452 1655 2743 1736 fabellae
2815 1655 2960 1733 suae
3031 1654 3539 1734 adversaretur

825 1754 1078 1834 cultus
1129 1758 1462 1859 corporis
1504 1760 1575 1836 S.
1621 1759 1834 1839 Pauli
1890 1759 2137 1840 adhuc
2214 1760 2690 1860 perseverans
2726 1753 3073 1837 Venetiis
3112 1812 3131 1830 .
3207 1754 3321 1833 Ea
3374 1779 3535 1854 pro·

824 1877 1040 1953 pter,
1092 1876 1191 1959 ut,
1284 1857 1746 1957 raejudicium
1790 1860 1937 1941 hoc
1980 1860 2475 1957 amoliretur,
2523 1857 2746 1940 finxit
2788 1857 3034 1938 sacras
3058 1855 3401 1953 exuvias,
3446 1880 3541 1936 ne

829 1959 1152 2057 populus
1234 1961 1649 2047 editionem
1700 1983 2048 2042 moveret
2089 2018 2117 2059 ,
2169 1960 2397 2042 nofi’tu
2448 1961 2894 2060 summoque
2964 1955 3258 2037 silentio
3310 1957 3541 2035 subla-

706 2066 715 2073 ’
826 2078 940 2136 tas
968 2057 1247 2170 ‘sui-ise,
1298 2061 1626 2173 indeque
1677 2085 1765 2141 ut
1818 2062 2088 2144 fabulae
2140 2083 2494 2143 ornatum
2549 2079 2855 2162 augeret
2908 2055 2989 2136 in
3032 2058 3251 2159 capsa
3289 2052 3543 2156 lignea

831 2158 1223 2272 arteficwfi’
1277 2159 1661 2262 fabrtcata
1731 2164 2091 2266 (fortasse
2166 2182 2381 2243 tanto
2456 2161 2781 2243 artificio
2852 2158 3214 2240 fabricata
3279 2161 3542 2238 eadem

830 2258 953 2338 die
989 2313 1017 2354 ,
1088 2286 1236 2361 qua
1312 2283 1426 2342 tot
1481 2264 1631 2343 alia
1683 2264 1992 2368 negotia
2065 2263 2295 2366 legati
2348 2263 2671 2344 feliciter
2741 2259 3294 2363 complevere)
3366 2284 3540 2340 cum

825 2358 1123 2440 duobus
1163 2360 1335 2440 aliis
1377 2364 1818 2466 corporibus
1859 2365 2309 2446 Saneiorum
2335 2363 2878 2446 Innocentium
2921 2363 3372 2442 collocatas.
3424 2362 3545 2440 Sa·

826 2483 956 2539 cra
1002 2485 1093 2539 ea
1132 2461 1519 2576 pignora,
1547 2467 2020 2571 prosequitur
2040 2469 2228 2548 Hun
2281 2466 2525 2548 aricus
2565 2464 2891 2562 author,
2933 2460 3064 2566 ipſs
3100 2460 3357 2543 Veneti
3389 2487 3550 2562 gra-

834 2580 926 2641 ta
947 2559 1380 2661 fincertcaete
1397 2567 1589 2666 Regi
1630 2569 1847 2670 usque
1866 2570 1967 2640 W
1956 2568 2184 2650 udam
2259 2565 2430 2648 elici
2468 2568 2673 2669 cursu
2696 2563 3204 2666 perduxerunt
3222 2620 3243 2642 .
3288 2567 3550 2666 Quan-

826 2679 908 2741 ta
958 2662 1034 2743 8(
1082 2690 1310 2766 quam
1366 2668 1624 2771 inepta
1676 2671 2070 2752 mendacia
2104 2674 2335 2752 Anon
2397 2697 2563 2751 mus
2604 2669 2979 2751 fabulator
3019 2665 3232 2747 brevi
3276 2666 3550 2746 sermo·

831 2787 936 2842 ne
986 2770 1509 2851 coacervavit!
1558 2771 1640 2852 Si
1693 2773 1901 2853 enim
1949 2774 2291 2853 Venetus
2385 2792 2650 2854 enatus
2700 2774 2988 2852 sacrum
3042 2767 3236 2848 illud
3276 2792 3374 2849 co
3467 2792 3551 2847 us

828 2863 1033 2967 Regi
1083 2867 1546 2970 destinasset,
1597 2872 1782 2976 quid
1832 2872 2123 2956 obstare
2177 2896 2521 2977 poterat,
2574 2897 2672 2953 ne
2729 2897 2844 2952 res
2894 2871 3321 2951 succederet
3377 2793 3546 2948 ¹ii'ne

828 2967 1180 3068 populari
1225 2993 1445 3053 motu
1498 2998 1584 3053 ea
1637 2975 2043 3077 praesertim
2100 2974 2570 3081 tempestate,
2611 3000 2763 3078 qua
2801 2970 3263 3073 Respublica
3313 2968 3548 3050 nullis

832 3090 1173 3168 unquam
1228 3072 1602 3157 intestinis
1655 3075 1961 3182 diffidiis
2013 3076 2386 3157 laboravit
2431 3083 2458 3156 ἓ
2529 3077 2746 3157 Cum
2796 3073 3183 3175 Hungaris
3232 3070 3541 3151 oratori-

834 3168 977 3248 bus
1020 3171 1313 3253 Budam
1352 3176 1888 3277 redeuntibus,
1939 3178 2025 3257 in
2076 3203 2245 3259 eam
2287 3177 2507 3257 fimul
2550 3175 2918 3280 profestos
2958 3175 3098 3254 effe
3121 3172 3562 3253 Civitatem·

774 3371 783 3381 ι
828 3270 1193 3389 Oratores
1242 3276 1430 3357 duos
1475 3280 1813 3377 Venetos
1874 3279 2351 3365 Leonardum
2407 3280 2855 3360 Dandulum
2900 3332 2925 3374 ,
2995 3277 3072 3356 8<
3133 3273 3548 3354 Fantinum

828 3369 1317 3475 Georgium,
1349 3376 1672 3482 &ipsos
1711 3408 1974 3483 pacem
2031 3382 2401 3480 juraturos
2444 3382 2749 3462 tradunt
2784 3377 3250 3474 Chinatius,
3302 3374 3548 3456 &Ca-

828 3472 1178 3586 refinuss
1227 3482 1761 3594 arreptumque
1838 3486 1935 3563 ab
1989 3484 2143 3563 illis
2194 3484 2341 3564 iter
2391 3482 2515 3564 die
2568 3506 2713 3562 κη.
2775 3476 3227 3562 Decembris
3301 3497 3546 3592 narrat

833 3571 971 3689 ὡς
1002 3630 1037 3671 ,
1094 3597 1171 3654 at
1224 3579 1355 3659 iste
1412 3582 1535 3662 die
1579 3606 1721 3662 x11.
1767 3584 2124 3665 Ofiobris
2165 3643 2186 3664 .
2261 3593 2474 3665 Num
2549 3584 2634 3664 hi
2687 3583 2993 3663 fuerunt
3047 3579 3331 3660 Veneti
3384 3576 3550 3672 illi,

835 3699 967 3772 qm
1023 3675 1312 3759 sacrum
1367 3708 1636 3784 corpus
1677 3688 1769 3764 ad
1810 3689 2103 3788 Regem
2128 3684 3050 3788 Hungariae‘detulerint?
3101 3680 3406 3761 Mirum
3447 3678 3549 3757 sa·

834 3798 937 3853 ne
987 3800 1150 3857 rem
1210 3779 1404 3901 banc
1459 3785 1815 3868 altiffimo
1866 3788 2173 3869 involvi
2223 3787 2525 3871 silentio
2578 3786 2777 3891 apud
2828 3785 3244 3885 Scriptores
3305 3784 3566 3860 Vene·.

838 3893 960 3991 tos
1012 3904 1321 3979 omnes3
1373 3911 1513 3967 nec
1567 3889 1776 3968 enim
1829 3891 2164 3990 pudebat
2217 3916 2346 3970 eos
2396 3891 2599 3970 sacra
2653 3889 2930 3990 lipsana
2951 3908 2999 3983 ⁸,
3067 3910 3235 3986 quae
3285 3882 3555 3963 arden·

845 3983 1473 4095 trus-Ludovicus
1525 3992 1834 4088 optabat
1874 4044 1902 4085 ,
1953 3990 2160 4070 dono
2213 3990 2462 4071 eidem
2527 3991 2839 4072 dedisse.
2892 3988 3198 4068 Mirum
3246 4007 3556 4088 quoque

838 4074 1077 4181 Regis
1118 4108 1336 4184 vota,
1389 4107 1777 4168 oratorum
1822 4090 2406 4190 postulationem
2442 4149 2469 4192 ,
2499 4112 2967 4174 annuentem
2990 4091 3403 4184 Senatum,
3453 4083 3552 4164 sa-

841 4172 1143 4284 etasque
1182 4187 1766 4303 deliberationes
1819 4212 2184 4293 perpetuo
2234 4193 2640 4275 obliterare
2692 4193 2993 4275 silentio
3045 4188 3358 4271 voluisse
3389 4286 3405 4301 .
3433 4204 3548 4267 tot

836 4283 1194 4402 authores
1213 4344 1259 4403 ⁹.
1290 4314 1439 4389 qui·
1472 4315 1725 4372 rerum
1771 4295 2241 4390 Venetarum
2295 4317 2427 4375 aut
2477 4296 2871 4391 historias,
2921 4313 3052 4373 aut
3104 4290 3548 4385 Chromca,

836 4403 965 4464 aut
1020 4389 1169 4470 alia
1230 4389 1319 4471 id
1369 4414 1609 4495 genus
1680 4418 1908 4499 opera
1956 4397 2501 4521 elucubrarunt
2545 4456 2564 4479 .
2634 4396 2940 4485 Mirum
3014 4416 3331 4574 ςιιοςιιὲ
3390 4389 3552 4502 haec

960 4540 971 4551 -
1020 4554 1027 4563 .
1116 4554 1125 4565 .
1632 4556 1665 4571 .-
1864 4564 1881 4573 „
2627 4524 2632 4531 ’
3335 4517 3446 4575 erl
