3934 5359
965 374 1040 455 S.
1106 374 1498 459 Manus
1562 370 2515 465 CousoLA’rmms.
2785 401 2955 484 227

402 546 652 607 torum
704 544 956 624 preces
1027 542 1113 603 ut
1166 520 1252 601 in
1321 522 1481 634 ipso
1509 518 1827 600 'Sacello
1880 519 2355 624 Sanffiffimae
2422 519 2891 625 Eucharistiae
2947 532 3088 602 Sa·

399 645 879 823 frgmleffgztue}³⁸
894 644 1027 820 pro
1081 620 1501 707 adm-anone
1521 618 1787 724 christi
1813 618 2161 722 fidelium
2211 645 2507 703 tantum
2560 624 3076 723 asservaretur,

404 751 482 803 m
540 748 584 802 u
647 746 704 804 1t
957 781 976 801 .
2426 798 2433 803 .
2924 783 2929 787 -

493 824 786 905 Collati
844 823 1194 905 beneficii
1236 879 1269 920 ‚
1313 825 1390 905 8<
1442 847 1624 906 mox
1674 825 2117 921 consecrata:
2169 849 2375 904 anno
2423 822 2766 927 sequenti
2813 825 3085 904 Eccle-

309 937 318 940 ’
394 923 509 1002 fiae
562 925 928 1009 memoria
979 925 1062 1003 in
1114 925 1304 1026 grati
1359 925 1599 1007 animi
1651 945 2181 1024 argumentum
2223 923 2441 1005 AEdis
2478 949 2839 1007 curatores
2885 950 3089 1005 mar-

397 1025 597 1105 mori
651 1025 1020 1125 insculpi,
1067 1027 1141 1107 8<
1182 1027 1531 1107 Ecclefiae
1584 1026 1849 1128 parieti
1903 1027 2119 1127 infigi
2157 1028 2665 1107 mandarunt.

392 1179 453 1223 ‚‚
579 1127 811 1206 'Cum
854 1126 1164 1227 Ioannis
1188 1128 1569 1207 Trivisani
1619 1126 2113 1207 Venetiarum
2156 1127 2601 1208 Patriarchae
2646 1128 3085 1208 Dalmatiae-

394 1279 452 1324 „
501 1252 650 1333 que
702 1228 1052 1309 Primatis
1104 1228 1572 1327 benignitate
1624 1228 1792 1307 Kal.
1847 1228 2131 1329 Aprilis
2187 1256 2398 1327 1572.
2450 1231 2875 1308 concessum
2928 1229 3085 1307 fue-

323 1327 334 1337 ”
395 1348 455 1425 ‚3
504 1328 652 1423 rit,
705 1349 788 1406 ut
841 1327 1331 1425 sacrosan&a‚
1383 1353 1468 1408 ac
1521 1328 1777 1409 divina
1831 1328 2305 1408 Eucharistia
2355 1328 2438 1408 in
2495 1330 2641 1407 hoc
2695 1329 2853 1430 ipso
2905 1329 3089 1408 Dei-

399 1481 459 1526 „
509 1454 700 1528 parae
738 1429 1310 1509 Consolationis
1367 1430 1664 1509 Sacello
1710 1430 1802 1508 ad
1853 1428 2154 1529 piorum
2206 1430 2560 1508 solatium
2597 1428 3091 1526 statueretur,

398 1581 459 1627 ,‚„
503 1530 716 1610 AEdis
763 1533 1176 1611 Curatores
1246 1555 1748 1611 marmoream
1824 1532 2157 1611 tabulam
2231 1531 2325 1609 ad
2376 1530 2742 1632 fingulare
2813 1530 3090 1632 optimi

392 1684 450 1728 ‚‚
504 1630 888 1717 Antistitis
939 1631 2033 1727 beneficium-declarandum
2076 1633 2153 1710 8<
2201 1654 2637 1733 perpetuam
2690 1630 3092 1710 amantiffi-

394 1772 455 1828 9,
501 1732 952 1810 miDecreti
996 1733 1440 1813 memoriam
1478 1734 1876 1815 unanimes
1926 1732 2279 1832 posuere.
2341 1739 2555 1830 1580.
2573 1733 2745 1811 Kal.
2770 1731 3091 1810 Martii.

398 1884 456 1927 ‚,
609 1832 1085 1915 Sacrosancsta
1133 1834 1600 1931 Eucharistia
1670 1862 1718 1913 a
1767 1837 2057 1935 Ioanne
2129 1832 2535 1913 Trivisano
2585 1833 3087 1913 Venetiarum

385 1984 450 2028 ‚,
503 1931 985 2029 Patriarcha‚
1034 1956 1146 2013 v1.
1195 1937 1459 2017 Nonas
1506 1935 1691 2037 Julii
1735 1936 2149 2015 MDLxxn.
2198 1934 2492 2034 ingenti
2535 1932 2863 2012 Civium
2912 1958 3097 2011 con·

394 2085 447 2127 „
498 2033 722 2110 cursu
764 2089 791 2130 ‚
896 2034 1159 2136 ropriis
1213 2038 1564 2117 manibus
1631 2037 1717 2115 in
1766 2037 2039 2115 AEdem
2091 2037 2479 2137 deportata
2527 2034 2779 2133 Julius
2822 2035 3093 2132 Super-

391 2185 447 2228 „
493 2132 720 2215 chius
775 2059 1246 2216 wfanmanus
1293 2138 1712 2238 Episcopus
1758 2137 2325 2236 Caprularum,
2372 2135 2705 2234 ejusdem
2761 2132 3097 2211 Trivisa-

391 2285 450 2329 ⁴»
499 2233 586 2313 ni
644 2234 1094 2316 Patriarchae
1146 2236 1330 2335 jussu
1383 2262 1496 2316 1v.
1547 2240 1729 2319 Idus
1781 2238 1982 2317 Maii
2051 2238 2493 2316 MDLxxm.
2548 2235 2775 2314 tertia
2823 2236 3092 2313 Pente·

394 2386 450 2430 ‚2
496 2333 740 2415 costes
791 2338 1002 2416 Festa.
1049 2337 1174 2416 die
1214 2392 1244 2434 ‚
1292 2340 1561 2419 AEdem
1613 2339 2193 2418 Consolationis
2241 2338 2419 2415 Deo
2468 2336 2793 2436 Optimo
2846 2334 3098 2414 Maxi-

393 2486 453 2529 „
497 2458 696 2531 mc,
739 2436 817 2517 8<
857 2438 1208 2540 Deiparae
1230 2438 1580 2539 Virgini,
1629 2439 1950 2519 solemni
2002 2438 2449 2518 caeremonia
2501 2436 2864 2515 sacravit.
2912 2439 3100 2514 Gre-

385 2587 444 2631 „
493 2535 729 2636 gorio
763 2538 981 2619 xm.
1023 2543 1278 2621 -Pont.
1328 2540 1546 2619 Max,
1598 2538 2099 2619 Venetiarum
2158 2540 2394 2629 ‚Duce
2447 2536 2763 2637 Aloyfio
2818 2536 3092 2615 Moce-

383 2688 444 2732 π
491 2635 684 2715 nico
752 2639 966 2719 AEdis
1034 2641 1450 2721 Curatores
1518 2644 1613 2722 ad
1682 2638 2135 2744 posteritatis
2204 2639 2664 2720 memoriam
2732 2635 3087 2763 posuere:

249 2774 263 2783 ·
387 2788 442 2833 «η
503 2745 726 2834 1580.
779 2738 1324 2820 KaleMartii.

482 2836 906 2920 Ecclesiam
946 2866 1178 2942 quam
1211 2842 1545 2944 primum
1567 2843 1855 2923 Altaris
1892 2840 2353 2945 privilegiati
2396 2842 2706 2939 decore,
2748 2863 2933 2918 mox
2965 2838 3097 2917 In-

390 2937 812 3052 dulgentiis
860 2966 1261 3023 ornaverat
1309 2945 1525 3025 annis
1589 2953 1797 3025 1621.
1853 2947 1930 3026 8<
1992 2951 2197 3025 1622.
2251 2943 2669 3046 Gregorius
2710 2941 2881 3019 XV.
2932 2938 3094 3039 (Β)

389 3062 477 3117 m
531 3039 1051 3139 spiritualibus
1095 3046 1709 3126 administrarunt
1762 3047 1902 3126 sub
1949 3046 2350 3148 Capellani
2405 3046 2634 3125 titulo
2658 3042 3096 3122 Sacerdotes

385 3139 778 3252 saepulares
824 3146 918 3223 ad
968 3144 1128 3247 ejus
1166 3147 1509 3250 regimen
1551 3149 2135 3228 Procuratorum
2174 3147 2404 3249 ipfius
2439 3145 2788 3225 Ecclefiae
2842 3140 3095 3221 suffra·

395 3261 546 3335 gns
594 3242 861 3323 adleai
904 3300 932 3341 ‚
1001 3272 1329 3348 quorum
1383 3249 1822 3327 noviffimns
1893 3250 2328 3328 Hermanus
2376 3247 2665 3326 Stroiffi
2734 3242 3097 3345 piissimus

393 3338 755 3452 Sacerdos
804 3347 1146 3427 Venetus
1201 3352 1422 3428 Petro
1477 3350 1849 3426 Armanni
1901 3351 2148 3426 adhuc
2201 3349 2500 3426 viventi
2553 3344 2899 3424 suffe&us
2934 3340 3099 3435 est,

392 3461 528 3538 qur
580 3466 760 3519 cum
814 3444 1346 3548 religiofiffime
1398 3449 1690 3528 Divina
1733 3448 2026 3528 Officia
2092 3473 2224 3547 per
2274 3447 2503 3526 lustra
2548 3448 2760 3546 supra
2810 3443 3094 3542 septem

351 3538 480 3625 ,in
532 3543 972 3625 eaEcclefia
1006 3550 1444 3650 peregisset,
1484 3550 1746 3645 senio,
1792 3550 1872 3629 8c
1919 3547 2308 3628 laboribus
2354 3544 2740 3626 consessus
2778 3545 3098 3656 Herma-

389 3666 586 3721 num
638 3641 773 3723 fibi
813 3645 1228 3743 adjutorem
1251 3652 1458 3748 dari,
1504 3670 1730 3751 atque
1751 3652 2231 3730 successbrem
2255 3647 2618 3750 designari
2643 3645 3092 3748 postulavtt.

396 3744 524 3822 Eo
564 3743 646 3823 in
686 3772 1008 3828 munere
1047 3751 1480 3830 Hermanus
1522 3776 1677 3829 non
1723 3753 1804 3830 in
1846 3753 2200 3832 Ecclesiae.
2242 3748 2775 3829 tantummodo
2814 3746 3039 3824 decus
3064 3796 3097 3838 ‚
3208 3797 3219 3808 -
3267 3774 3275 3781 ·

397 3844 526 3927 sed
576 3847 654 3925 81
702 3846 788 3929 in
837 3849 1262 3951 animarum
1317 3854 1637 3931 salutem
1686 3854 1946 3932 sedulo
2019 3854 2463 3934 incumbens
2516 3851 2813 3950 aliquos
2865 3845 3093 3946 pieta-

402 3966 478 4025 te
522 3997 548 4040 ,
615 3947 696 4027 8(
738 3951 915 4030 zelo
963 3952 1386 4052 praestantes
1453 3956 1546 4032 ad
1598 3956 1916 4033 eandem
1988 3956 2170 4034 vitae
2242 3954 2618 4031 rationem
2688 3969 3096 4058 aggregare

400 4066 812 4146 exoptans,
858 4051 1048 4132 duos
1089 4055 1270 4131 Deo
1317 4057 1514 4134 bene
1552 4058 1872 4151 -juvwante
1921 4056 2163 4136 socios
2212 4054 2343 4133 fibi
2388 4050 2729 4150 adjunxit
2753 4044 3103 4162 August}-

399 4168 592 4225 num
641 4151 978 4231 Naniurn
1012 4188 1046 4249 ᾗ
1089 4153 1170 4231 8(
1215 4156 1589 4253 Ioannem
1638 4158 2042 4257 Baptistam
2094 4156 2390 4236 Bedetti
2442 4153 2741 4233 eximia:
2790 4165 3101 4262 virtutis

406 4247 878 4363 sacerdotes,
920 4279 1248 4355 quorum
1301 4255 1590 4354 primus
1636 4283 1734 4335 ex
1753 4259 2153 4337 Senatorio
2173 4259 2650 4355 Venetorum
2693 4249 2956 4363 ordine
2996 4245 3097 4320 ad

401 4350 927 4433 Sacerdotium
960 4355 1030 4432 se
1057 4354 1124 4433 se
1153 4357 1587 4436 traduxerat
1605 4408 1636 4453 ‚
1679 4359 1878 4437 alter
1894 4382 2076 4438 vero
2101 4384 2145 4436 e
2169 4357 2589 4532 lofnginquo
2614 4352 2922 4456 Divinae
2960 4344 3096 4421 bo·-

2147 4459 2204 4533 F
2357 4481 2405 4532 2.
2811 4463 2999 4523 mta·
