3934 5359
984 448 1149 548 296
1429 438 1598 522 DE
1663 433 2218 521 Eccu-:sra
2281 424 2981 523 Panem-uam

841 591 1069 687 emi,
1121 608 1340 691 atque
1364 600 1685 703 quatuor
1706 582 2048 679 Clerici,
2088 607 2276 684 quos
2303 583 2731 684 Acolythos
2776 602 3101 680 vocant,
3153 585 3537 669 efficiunt.

846 693 958 773 Hi
999 710 1264 770 omnes
1308 689 1597 767 Divina
1624 685 1962 766 Misteria
2007 683 2277 761 affidue
2322 685 2774 764 celebrando
2796 684 3552 787 frequentant-Eccle-

849 794 1028 873 fiam
1070 846 1097 887 .‚
1167 816 1334 891 quae
1388 787 1739 868 Matricis
1793 787 2083 864 honore
2138 783 2489 886 infignita
2542 811 2820 864 novem
2891 787 3027 864 sub
3080 785 3151 863 se
3206 811 3551 870 numerat

850 894 1116 974 filiales
1186 889 1617 983 Ecclefias3
1703 887 1776 964 S.
1856 884 2154 964 Proculi
2195 940 2222 982 ‚
2312 887 2383 964 S.
2503 886 2772 966 oannis
2827 886 2923 964 in·
2965 887 3235 984 Oleo⁴‚
3308 890 3543 990 vulgo

851 992 1107 1087 Novi,
1178 992 1249 1068 S.
1303 989 1579 1070 Leonis
1636 1043 1663 1085 ‚
1715 990 1786 1066 S.
1843 986 2212 1081 Marinae,
2264 985 2335 1063 S.
2495 987 2665 1067 ariae
2717 989 2966 1066 Novae
3006 1041 3033 1082 ‚
3106 989 3176 1065 S.
3231 990 3543 1087 Ioannis

850 1090 1431 1193 Chrysostomi,
1498 1090 1619 1169 SS.
1677 1087 2258 1190 Apostolorum,
2314 1088 2383 1166 S.
2439 1087 2783 1189 Sophiae,
2816 1108 3059 1188 atque
3111 1089 3182 1167 S.
3228 1089 3544 1173 Felicis.

845 1193 1100 1274 Unius
1150 1193 1381 1272 etiam
1455 1188 1881 1271 ex-Veneti
1956 1189 2176 1265 Cleri
2208 1188 2979 1290 ¹Congregationibus
3054 1188 3314 1267 Mater
3382 1189 3561 1285 est,

844 1319 1009 1395 quae
1062 1318 1264 1375 anno
1319 1320 1532 1394 1145.
1577 1289 1922 1371 instituta
1975 1287 2249 1368 exinde
2297 1287 2581 1369 Sanfiae
2637 1288 2905 1369 Mariae
2948 1290 3323 1369 Formosae
3376 1289 3553 1371 titu-

846 1396 931 1475 lo
975 1395 1233 1473 vocari
1275 1394 1550 1494 coepit.
3410 1466 3419 1472 -
3552 1423 3567 1438 ·

951 1494 1577 1595 Antiquiffirnum
1632 1490 2063 1572 sodalitium
2110 1490 2455 1593 Deiparae
2507 1491 2642 1571 sub
2687 1491 3283 1572 Praesentationis
3335 1519 3565 1573 voca··

847 1596 1035 1676 bulo
1085 1597 1373 1674 sacrum
1431 1594 1512 1673 in
1568 1595 1708 1674 hac
1760 1591 2093 1673 Ecclefia
2144 1591 2477 1687 eree'tum
2531 1590 2738 1671 fuiss'e
2788 1593 3109 1673 traditur
3159 1619 3365 1674 anno
3389 1623 3561 1696 933.-

849 1695 1104 1775 officia
1156 1695 1352 1775 suae'
1404 1695 1652 1774 ietatis
1723 1694 1809 1791 in
1879 1693 2321 1774 immediate
2378 1694 2726 1795 proximo
2780 1694 3139 1775 Oratorio
3210 1718 3307 1774 ex
3356 1695 3547 1797 capi-

851 1797 1080 1897 tulari
1134 1799 1326 1875 effen
1365 1825 1408 1874 u
1465 1807 1817 1876 exercens
1861 1810 1902 1873 ξ.
1956 1799 2168 1875 Inter
2239 1795 2564 1895 reliquas
2637 1820 2820 1875 vero
2854 1794 3555 1881 confraternitates

848 1924 939 1980 ea
989 1897 1481 1978 celeberrima
1534 1898 1684 1994 est,
1729 1923 1898 2014 quae
1951 1896 2087 1977 sub
2127 1895 2602 1976 Sanffiffimae
2650 1896 2950 1976 Triadis
2992 1896 3269 1994 titulo,
3322 1899 3399 1978 δε
3440 1923 3557 2000 pa-

847 2000 1181 2081 trocinio
1236 2000 1328 2078 ad
1383 1998 2089 2099 Aramprmc-ipem
2144 2025 2347 2078 anno
2410 2002 2618 2097 1604.
2673 1997 3007 2077 instituta
3051 1999 3368 2078 illud-in
3412 2000 3553 2101 pri·-

846 2100 998 2181 mis
1048 2100 1503 2180 Christianae
1555 2098 1979 2178 charitati&
1998 2099 2340 2177 officium
2397 2099 2854 2200 praecipuum
2930 2100 3159 2179 habet
3201 2155 3227 2197 ,
3299 2121 3387 2179 ut
3438 2125 3563 2179 caae

850 2205 1106 2307 ptivos
1158 2200 1708 2280 christifideles
1784 2200 1912 2300 pio
1964 2223 2104 2277 aere
2174 2227 2217 2279 a
2272 2200 2700 2278 Turcarum
2755 2200 3156 2299 tyrannide
3224 2203 3551 2281 eximat.

879 2350 886 2357 ·
949 2303 1072 2380 Ex
1122 2300 1438 2403 antiquo
1489 2299 1840 2379 instituto
1892 2300 2151 2379 Duces
2205 2299 2704 2379 Venetiarum
2760 2320 3165 2399 tenentur,
3214 2324 3371 2404 quo
3435 2325 3552 2395 ve-

848 2403 1397 2504 lint=tempore
1469 2401 1547 2480 8<
1597 2399 1832 2479 etiam
1905 2424 2000 2479 ex
2055 2396 2505 2482 testamento
2578 2401 2737 2503 post
2788 2423 3147 2511 mortem’3
3191 2402 3550 2505 pallium,

846 2505 1389 2598 vel-aureum,
1441 2502 1568 2581 vel
1620 2521 2068 2602 argenteum
2122 2501 2395 2589 offerre
2453 2503 2631 2582 huie
2685 2504 3034 2585 Ecclesia:
3075 2558 3101 2600 ‚
3152 2514 3317 2608 quae
3426 2533 3546 2584 uo·

851 2605 1109 2685 tannis
1183 2603 1503 2685 solemni
1597 2628 1871 2707 pompa
1939 2602 2357 2684 comitante
2427 2605 2706 2682 Senatu
2782 2608 2877 2683 ab
2950 2603 3117 2706 iplis
3209 2606 3373 2685 invi
3430 2629 3557 2685 wtur

841 2705 1208 2786 Kalendis
1256 2705 1648 2785 Februarii
1696 2703 1775 2784 in
1827 2702 2247 2805 Pervigilio
2293 2703 2845 2784 Purificationis
2871 2705 3255 2807 Deiparae.
3310 2709 3552 2788 Vetus

844 2808 1161 2887 traditio
1233 2806 1372 2886 fert
1428 2805 1725 2884 Divum
1783 2806 2092 2883 Petrum
2156 2803 2560 2883 Urseolum
2631 2806 2987 2906 exemplo
3042 2807 3366 2909 praeisse,
3434 2810 3571 2893 sed·

773 2986 780 2991 ,
842 2932 932 2991 ea
973 2909 1183 2987 'nulli
1236 2928 1741 2988 monumento
1791 2906 2193 2987 innititur.
2249 2905 2551 2982 Horum
2593 2906 2947 2985 omniurn
2998 2909 3297 2988 causam
3342 2909 3561 2989 affert

843 3008 1305 3090 Sanso'vinus
1358 3009 1491 3089 lib.
1533 3031 1675 3087 x11.
1728 3030 1954 3108 quam
2011 3009 2106 3084 ab
2157 3005 2714 3109 antiquioribus
2756 3009 3046 3088 Rerum
3090 3012 3553 3103 Venetamm

846 3109 1372 3211 Chronologis
1425 3109 1707 3188 haufit.
2688 3194 2695 3203 ‚
3034 3140 3043 3155 ·
3550 3142 3565 3153 ·

867 3234 886 3245 ·
941 3208 1375 3310 Tergestini
1427 3211 1619 3289 olim
1672 3222 2011 3311 pyratae‘5
2048 3226 2413 3310 ex-rapto
2465 3210 2726 3290 vivere
2780 3212 3037 3292 assueti
3088 3229 3265 3293 cum
3318 3211 3555 3293 incre·

845 3311 1494 3397 mentis‘Venetae
1547 3306 1781 3391 Urbis
1833 3311 2122 3419 perdite
2170 3309 2672 3409 inviderent',
2748 3314 3218 3415 praedamque
3271 3339 3367 3394 ex
3418 3313 3551 3393 illa

801 3446 808 3453 ’
850 3411 1268 3491 avidissirne
1303 3432 1404 3515 ‘ap
1453 3430 1468 3443 ·
1506 3432 1797 3510 terent,
1852 3413 1932 3490 in
1981 3434 2277 3515 tantum
2324 3413 2668 3510 sceleris,
2702 3426 2945 3516 'atque
2969 3417 3291 3518 perfidiae
3334 3415 3553 3495 deve·

843 3533 1129 3595 nerunt
1168 3568 1197 3612 ‚
1268 3530 1353 3592 ut
1483 3514 2153 3615 enetas·Virg·ir1'es
2205 3528 2527 3615 rapere.)
2598 3520 3007 3618 eam'mque
3056 3517 3366 3599 dotibus
3406 3572 3432 3613 ‚
3482 3516 3573 3597 St·

842 3615 1311 3696 ornamentis
1335 3614 1719 3694 ¹ditescere
1769 3615 2381 3717 conjuraverint.
2432 3620 2859 3709 Noveram,
2888 3618 3125 3718 pridie
3178 3614 3552 3699 Kalendas

813 3715 1290 3796 februarii:
1414 3710 1793 3818 pulariur'n
1841 3719 2325 3815 Venetorum
2382 3717 2887 3821 Matrimonia
2960 3720 3040 3797 in
3102 3718 3295 3798 Divi
3350 3719 3551 3797 Petri

801 3838 1110 3897 coram·
1145 3817 1295 3917 Epi
1328 3836 1522 3919 copo
1575 3834 1866 3919 magna]
1895 3834 2081 3919 cum
2124 3818 2565 3919 celebritate
2617 3819 3014 3917 contrahi,
3064 3819 3419 3922 diemque-
3469 3818 3556 3899 il-

845 3918 1008 4000 lam
1061 3941 1416 4021 apparatu
1469 3908 2057 4022 splendidifflmo
2102 3921 2246 4000 effe
2298 3919 2680 4015 Civibus,
2734 3922 2808 3999 8(
2860 3921 3265 4023 praesertim
3309 3921 3553 4001 foemi-

840 4018 1012 4117 nis,
1061 4041 1146 4100 ut
1171 4018 1286 4099 esta
1313 4044 1571 4102 earum
1619 4019 2063 4120 ingenium,
2105 4042 2255 4120 praa
2290 4020 2582 4101 eaeteris
2624 4023 3038 4103 solemnem
3066 4083 3083 4100 .
3133 4028 3375 4105 Anno
3418 4025 3551 4103 ita·

841 4145 989 4301 Eue
1045 4122 1073 4221 (
1116 4142 1200 4200 ut
1242 4124 1628 4202 Authores
1678 4120 2267 4227 communi-ter)
2326 4151 2491 4223 943.
2548 4123 2984 4206 Triremem
3037 4125 3221 4205 viris
3274 4146 3551 4220 manu,

994 4222 1300 4302 audacia
1351 4215 1717 4338 promptis
1767 4222 2159 4324 complent
2198 4280 2225 4321 .‚
2296 4225 2429 4329 qui
2535 4246 2614 4304 er
2685 4254 2732 4304 o
2788 4248 3109 4329 portaria
3181 4226 3426 4307 noffis
3478 4225 3553 4304 s1-

839 4323 1080 4402 lontia
1152 4325 1243 4401 ad
1315 4346 1556 4424 npam
1603 4322 1925 4402 castelli
2000 4346 2041 4401 a
2149 4325 2284 4406 ulfi
2357 4348 2454 4429 po
2566 4328 2710 4431 Epi
2746 4330 2929 4431 copi
2972 4332 3261 4409 ‘domos
3334 4326 3548 4407 taciti

815 4420 1828 4539 -.cenquiescunt.·Ubislux
1871 4422 2033 4506 effu
2095 4449 2159 4510 ιτ
2193 4483 2223 4529 ,
2291 4431 2931 4529 &³oppo'rtunum
2984 4430 3285 4534 'tempus
3338 4430 3550 4544 adve-

1163 4576 1172 4585 -
3278 4551 3445 4630 nit,
