3934 5359
996 480 1156 587 328
1447 470 1599 557 Da
1665 462 2219 552 EchE'sta
2285 464 2981 553 Panocnratt

856 685 913 728 ,‚
965 627 1125 727 ejus
1178 618 1530 723 reliquias
1583 619 1916 720 undique
1969 618 2291 696 devotus
2341 614 2791 711 concursus,
2841 619 2916 696 8<
2959 612 3195 695 faetus
3234 614 3336 695 est
3357 617 3576 699 Con·-

853 786 913 833 „
962 727 1175 808 seffor
1227 720 1634 824 regnicolis
1687 746 1899 833 carus
1936 774 1960 814 ,
2032 718 2167 820 qui
2219 721 2776 834 reputabatur,
2844 739 3254 835 antequam
3297 745 3584 822 corpus

857 884 913 932 „
967 829 1421 920 advenerat,
1473 821 1620 901 fide
1668 818 2177 936 praedile&us.
2231 820 2529 899 Crescit
2579 845 2794 901 amor
2835 823 3066 922 Regts
3108 819 3445 918 validuS,
3494 821 3580 899 δε

872 986 928 1034 „
978 956 1131 1045 quo
1182 929 1746 1006 locaretur·v1x
1795 921 2166 1024 reperitur
2218 920 2435 1002 fitus.
2489 920 2870 1000 Firmatur
2913 924 3028 999 Re
3084 922 3191 1018 is,
3243 921 3317 1000 8<
3357 920 3580 1022 regni
3630 944 3636 949 ·

858 1090 913 1135 ,‚
965 1053 1338 1128 majorum
1391 1022 1841 1123 confilium,
1890 1025 2096 1125 quod
2138 1022 2654 1103 Reverendiss.
2708 1023 2790 1103 in
2830 1022 3029 1103 Chri
3091 1025 3436 1120 oPater,
3489 1048 3577 1103 ac

852 1176 914 1237 ‘‚,
967 1135 1200 1213 Dom.
1247 1130 1348 1207 D.
1393 1125 1840 1207 Demetrius
1884 1125 2090 1204 tituli
2135 1124 2579 1204 Sannorum
2622 1148 2947 1227 quatuor
2987 1148 3584 1205 contonatorum

796 1298 804 1303 ⁴
861 1293 917 1338 ‚,
970 1231 1418 1314 Sacrosantae
1476 1231 1837 1307 Romanae
1901 1226 2250 1306 Ecclefiae
2296 1227 2693 1327 Presbyter
2745 1226 3176 1307 Cardinalis
3218 1220 3274 1325 ,‘
3313 1226 3585 1306 sanE'tae
3715 1286 3726 1295 .

859 1395 916 1438 „
966 1329 1532 1434 Otergovienfis
1574 1327 1922 1409 Ecclefiae
1964 1332 2426 1428 gubernator
2456 1338 2916 1429 perpetuus,
2968 1331 3304 1429 aulaeque
3354 1327 3581 1429 regiae

860 1495 918 1541 „
970 1439 1352 1538 supremus
1394 1430 1925 1513 Cancellarius
1971 1429 2422 1530 Apostolicae
2465 1431 2674 1509 Sedis
2728 1430 2808 1509 in
2863 1431 3112 1533 regnis
3155 1431 3515 1531 Ungariae
3557 1482 3585 1525 ,

866 1595 922 1643 „
973 1540 1048 1617 8<
1093 1532 1425 1629 Poloniae
1471 1532 1761 1633 legatus
1805 1531 2192 1633 probitate.
2235 1531 2445 1632 pius,
2499 1531 2778 1633 pietate
2821 1533 3186 1630 devotus,
3240 1532 3585 1613 moribus

864 1688 920 1741 9,
972 1636 1453 1729 mansuetuS‚
1502 1635 1578 1714 &
1621 1633 2212 1713 mansuetudinae
2255 1633 2494 1731 fidus,
2544 1633 2719 1713 fidei
2773 1634 2848 1713 δε
2888 1632 3326 1714 sinceritatis
3348 1635 3587 1714 alum-

860 1798 922 1845 „
974 1766 1164 1836 nus,
1214 1761 1441 1839 quem
1485 1738 1654 1814 Rex
1706 1756 2013 1835 experta
2065 1734 2446 1833 scientia,
2517 1735 2593 1814 8<
2644 1735 2953 1837 cognita
3008 1738 3099 1816 ad
3152 1737 3402 1838 plures
3457 1737 3588 1816 ho-

866 1899 923 1948 „
976 1864 1193 1923 nores
1248 1835 1641 1917 successive
1666 1835 2081 1917 affectuose
2135 1837 2570 1937 promovit,
2621 1836 3068 1939 supradictas
3119 1836 3398 1918 sanetas
3423 1836 3591 1918 reli-

862 2000 921 2047 „
1027 1941 1187 2022 uias
1239 1941 1331 2017 de
1383 1939 1672 2053 capella
1722 1939 1931 2040 regia
1983 1939 2064 2016 in
2118 1937 2501 2019 ecclesiam
2580 1939 2878 2057 pretiosi
2943 1939 3313 2040 Martyris
3357 1939 3589 2020 Chri-

868 2101 924 2153 „
1040 2044 1063 2122 i
1108 2038 1545 2135 Laurentii,
1596 2066 1761 2142 quae
1815 2039 2031 2118 distat
2083 2067 2241 2119 uno
2296 2040 2608 2120 milliari
2665 2068 2705 2118 a
2762 2043 3014 2121 Wuda
3087 2041 3338 2121 versus
3389 2041 3590 2122 occi-

863 2205 919 2251 „
970 2147 1328 2239 dentem,
1378 2140 1454 2219 8<
1506 2140 1587 2219 in
1641 2143 1846 2222 claro
1900 2164 2162 2221 monte
2189 2142 2550 2222 Wudenfi
2569 2143 2675 2222 est
2718 2142 3023 2239 fituata,
3076 2142 3208 2224 ubi
3231 2142 3336 2223 est
3377 2167 3589 2244 egre·

868 2305 925 2352 „
1031 2247 1099 2345 ia
1156 2246 1376 2323 turba
1431 2243 2033 2341 monachorum,
2085 2242 2216 2344 qui
2272 2244 2406 2324 sub
2461 2245 2696 2323 titulo
2748 2243 2928 2323 dieti
2976 2245 3212 2324 Patris
3253 2244 3590 2345 degunt,

868 2407 925 2453 „
977 2273 1052 2427 {c
1105 2342 1351 2423 sanRa
1402 2343 1930 2424 observatione
1986 2344 2373 2444 militant,
2423 2346 2703 2448 quique
2728 2345 3008 2441 divinis
3050 2344 3390 2426 insistunt
3437 2346 3591 2427 lau-

867 2506 926 2559 „
977 2448 1198 2527 dibus
1236 2501 1262 2543 ,
1330 2467 1603 2525 vacant
1658 2446 2140 2526 orationibus
2176 2502 2202 2542 ‚
2273 2468 2497 2548 atque
2553 2447 2660 2526 ibi
2721 2468 3079 2550 tanquam
3127 2448 3262 2526 suo
3304 2446 3590 2548 capiti,

867 2607 926 2655 „
977 2548 1120 2628 filii
1168 2546 1423 2644 Patri,
1480 2546 1850 2649 Magistro
1902 2548 2298 2649 discipuli,
2343 2548 2550 2628 Duci
2592 2547 2920 2646 milites,
2974 2552 3148 2628 Deo
3197 2549 3273 2628 8<
3325 2550 3464 2651 ipsi
3497 2549 3590 2628 8.

856 2682 928 2763 5,
983 2650 1219 2730 Paulo
1271 2647 1645 2747 jubilant,
1698 2650 1774 2729 8<
1828 2650 2172 2729 sedulum
2226 2676 2313 2731 ac
2365 2650 2709 2730 debitum
2765 2650 3216 2753 impendunt
3269 2648 3591 2730 famula·

866 2810 925 2858 „
979 2774 1181 2848 turn,
1219 2751 1670 2831 collocaret.
1717 2752 1880 2856 Qui
1900 2750 2152 2831 ascitis
2178 2750 2309 2831 fibi
2333 2752 2928 2869 Episcoporum,
2980 2752 3593 2854 Religiosorum,

862 2860 921 2960 3,
974 2851 1474 2949 secularium,
1526 2852 1600 2930 8<
1651 2852 1981 2933 aliorum
2034 2852 2533 2933 multitudine
2586 2853 2932 2955 copiosa,
2988 2856 3260 2935 tollens
3311 2880 3585 2957 corpus

868 3014 927 3060 „
979 2958 1051 3036 S.
1097 2951 1312 3033 Pauli
1353 2955 1443 3032 de
1484 2953 1808 3057 Capella
1848 2955 2092 3056 Regia
2134 2977 2366 3035 xvm.
2410 2955 2578 3034 Kal.
2624 2957 3001 3036 Decemb.
3048 2956 3128 3035 in
3170 2957 3322 3058 ipsa
3363 2957 3602 3038 ecclc-

852 3090 924 3163 ·„
974 3056 1072 3136 fia
1123 3054 1642 3134 venerandum
1693 3081 1873 3136 curn
1926 3057 2270 3156 suprema
2322 3057 2744 3137 reverentia
2797 3058 3183 3161 deposuit,
3234 3059 3599 3160 &ipsum

864 3216 926 3265 ‚,
976 3157 1182 3237 diem
1235 3154 1502 3234 festum
1550 3156 2111 3238 Translationis
2161 3158 2497 3258 ejusdem
2536 3159 2888 3263 deinceps
2915 3161 3330 3257 celebrari,
3379 3159 3598 3261 vigo-

864 3315 926 3367 „
977 3258 1186 3339 re&
1239 3256 1649 3337 au&oriate
1700 3259 1846 3339 suae
1900 3260 2303 3361 legationis
2356 3259 2728 3360 instituit,
2781 3264 2855 3341 8<
2895 3261 3328 3343 mandavit.
3382 3262 3486 3340 Et
3510 3281 3593 3343 ut

860 3419 928 3472 „
977 3359 1268 3440 Christi
1321 3357 1579 3439 fideles
1606 3360 1743 3445 “ad
1815 3361 2504 3464 frequentationem
2580 3363 3070 3464 reliquiarum
3143 3362 3594 3465 diligentius

867 3523 927 3575 2,
978 3460 1119 3541 illo
1160 3458 1284 3541 die
1336 3459 1754 3559 animaret,
1805 3462 2164 3543 omnibus
2217 3489 2393 3544 vere
2447 3464 2998 3566 poenitentibus
3034 3466 3468 3564 „contritis
3517 3464 3594 3549 &

860 3595 925 3674 ·‚‚
975 3559 1365 3659 confeffis‚
1414 3561 1547 3663 qui
1600 3561 1680 3641 in
1732 3563 1891 3666 ipso
1945 3564 2069 3645 die
2145 3565 2661 3646 translationis
2736 3589 3188 3648 memoratas
3242 3568 3313 3647 S.
3372 3567 3591 3657 Pauli

868 3728 930 3776 υ
981 3663 1338 3766 reliquias
1391 3662 1794 3744 humiliter
1864 3666 1940 3745 8<
1993 3666 2269 3746 devote
2344 3665 2731 3751 visitarent
2770 3724 2797 3767 ,
2868 3670 2961 3749 de
3014 3669 3251 3750 Omni
3312 3668 3596 3749 otentis

867 3827 929 3880 2,
982 3766 1186 3861 Dei,
1237 3765 1312 3843 8<
1366 3765 1760 3845 beatorum
1814 3765 2357 3868 Apostolorum
2416 3770 2615 3849 Petri
2660 3826 2688 3868 ,
2756 3772 2831 3857 8<
2876 3771 3089 3850 Pauli
3144 3798 3239 3851 au
3318 3771 3595 3851 oritate

865 3927 928 3983 9,
978 3865 1345 3964 confisus,
1400 3892 1641 3945 unum
1693 3894 1983 3948 annum
2038 3869 2132 3950 de
2159 3864 2541 3969 ‘injunffis
2595 3872 2730 3952 fibi
2784 3874 3257 3976 poenitentiis
3311 3872 3595 3954 miseri-

863 4028 925 4083 „
974 3966 1305 4048 corditer
1359 3968 1769 4049 relaxavit.
1824 3970 1917 4048 In
1957 3997 2112 4074 quo
2165 3972 2340 4050 loco
2392 3971 2830 4077 suffiagium
2882 3976 2964 4054 Β.
3011 3975 3229 4057 Pauli
3285 3972 3592 4055 humili-

856 4130 922 4185 „
974 4089 1091 4148 ter
1142 4068 1727 4171 implorantibus
1779 4068 2184 4151 innumera
2217 4072 2608 4173 &beneficia
2733 4076 3117 4160 raestantur
3188 4104 3234 4157 a
3286 4075 3594 4158 benedi·

862 4232 921 4283 „
971 4167 1096 4250 610
1149 4168 1499 4285 Domino
1552 4167 1804 4248 nostro
1853 4170 2031 4271 Jesu
2071 4171 2434 4275 Christo,
2484 4177 2620 4280 qui
2700 4178 2852 4260 acit
2887 4178 3272 4260 mirabilia
3314 4201 3582 4281 magna

862 4332 922 4379 ,‚
972 4270 1217 4370 solus,
1267 4295 1478 4367 cujus
1529 4270 1699 4351 sunt
1756 4269 1916 4352 haec
1969 4274 2167 4355 dona
2204 4332 2233 4376 ‚
2284 4278 2496 4377 cujus
2548 4280 2718 4361 sunt
2771 4279 2994 4379 hujus
3046 4280 3320 4362 deserti
3371 4279 3585 4360 sacri·

864 4433 923 4490 ,‚
971 4371 1149 4452 ficia
1188 4427 1214 4470 ,
1267 4370 1399 4472 qui
1452 4395 1632 4450 cum
1690 4373 1908 4454 Patre
1959 4376 2037 4455 8<
2088 4379 2378 4482 Spiritu
2430 4379 2709 4466 Sanan
2756 4382 3007 4487 vivit,
3057 4384 3133 4466 8<
3182 4402 3450 4494 regnat
3500 4380 3580 4459 in

804 4608 809 4615 ι
869 4533 927 4581 „
964 4472 1240 4555 saecula
1288 4472 1776 4559 saeculorum.
1827 4480 2126 4564 Amen.
2181 4612 2184 4617 ι
3293 4592 3486 4681 Satis
