<?xml version="1.0" encoding="UTF-8"?>
<!DOCTYPE html PUBLIC "-//W3C//DTD XHTML 1.0 Transitional//EN"
    "http://www.w3.org/TR/xhtml1/DTD/xhtml1-transitional.dtd">
<html xmlns="http://www.w3.org/1999/xhtml" xml:lang="en" lang="en">
 <head>
  <title>
</title>
<meta http-equiv="Content-Type" content="text/html;charset=utf-8" />
  <meta name='ocr-system' content='tesseract 3.04.00' />
  <meta name='ocr-capabilities' content='ocr_page ocr_carea ocr_par ocr_line ocrx_word'/>
</head>
<body>
  <div class='ocr_page' id='page_1' title='image "./ecclesiaeveneta02corngoog_0045.png"; bbox 0 0 3934 5359; ppageno 0'>
   <div class='ocr_carea' id='block_1_1' title="bbox 1076 448 3029 566">
    <p class='ocr_par' dir='ltr' id='par_1_1' title="bbox 1076 448 3029 566">
     <span class='ocr_line' id='line_1_1' title="bbox 1076 448 3029 566; baseline 0.004 -34"><span class='ocrx_word' id='word_1_1' title='bbox 1076 448 1498 534; x_wconf 52' lang='lat' dir='ltr'>sinen</span> <span class='ocrx_word' id='word_1_2' title='bbox 1564 449 2165 534; x_wconf 69' lang='lat' dir='ltr'>S1Lvus‘r1z1</span> <span class='ocrx_word' id='word_1_3' title='bbox 2232 450 2561 535; x_wconf 57' lang='lat' dir='ltr'>Papa:</span> <span class='ocrx_word' id='word_1_4' title='bbox 2923 478 3029 566; x_wconf 69' lang='grc' dir='ltr'>ας</span> 
     </span>
    </p>
   </div>
   <div class='ocr_carea' id='block_1_2' title="bbox 454 593 3156 1219">
    <p class='ocr_par' dir='ltr' id='par_1_2' title="bbox 468 593 3152 800">
     <span class='ocr_line' id='line_1_2' title="bbox 468 593 3152 701; baseline 0.004 -22"><span class='ocrx_word' id='word_1_5' title='bbox 468 593 815 679; x_wconf 76' lang='lat' dir='ltr'>Ecclesiae</span> <span class='ocrx_word' id='word_1_6' title='bbox 866 597 1220 680; x_wconf 85' lang='lat' dir='ltr'>servanda</span> <span class='ocrx_word' id='word_1_7' title='bbox 1270 623 1401 700; x_wconf 88' lang='lat' dir='ltr'>per</span> <span class='ocrx_word' id='word_1_8' title='bbox 1472 599 1761 699; x_wconf 88' lang='lat' dir='ltr'>aliquos</span> <span class='ocrx_word' id='word_1_9' title='bbox 1817 622 1911 676; x_wconf 85' lang='lat' dir='ltr'>ex</span> <span class='ocrx_word' id='word_1_10' title='bbox 1958 598 2450 700; x_wconf 77' lang='lat' dir='ltr'>suffraganeis</span> <span class='ocrx_word' id='word_1_11' title='bbox 2500 597 2884 701; x_wconf 87' lang='lat' dir='ltr'>Episcopis</span> <span class='ocrx_word' id='word_1_12' title='bbox 2960 625 3152 690; x_wconf 64' lang='lat' dir='ltr'>tran-</span> 
     </span>
     <span class='ocr_line' id='line_1_3' title="bbox 472 699 2042 800; baseline 0.001 -24"><span class='ocrx_word' id='word_1_13' title='bbox 472 700 745 796; x_wconf 85' lang='lat' dir='ltr'><strong>scribi,</strong></span> <span class='ocrx_word' id='word_1_14' title='bbox 796 699 871 777; x_wconf 87' lang='lat'>&amp;</span> <span class='ocrx_word' id='word_1_15' title='bbox 914 699 1324 800; x_wconf 85' lang='lat' dir='ltr'>exemplari</span> <span class='ocrx_word' id='word_1_16' title='bbox 1376 699 1711 778; x_wconf 88' lang='lat' dir='ltr'>curavit.</span> <span class='ocrx_word' id='word_1_17' title='bbox 1764 702 1792 799; x_wconf 90' lang='lat'>(</span> <span class='ocrx_word' id='word_1_18' title='bbox 1835 705 1903 778; x_wconf 91' lang='lat' dir='ltr'><strong>A</strong></span> <span class='ocrx_word' id='word_1_19' title='bbox 2014 699 2042 799; x_wconf 94' lang='lat'><em>)</em></span> 
     </span>
    </p>

    <p class='ocr_par' dir='ltr' id='par_1_3' title="bbox 454 800 3156 1219">
     <span class='ocr_line' id='line_1_4' title="bbox 567 800 3150 897; baseline 0.001 -18"><span class='ocrx_word' id='word_1_20' title='bbox 567 803 824 879; x_wconf 87' lang='lat' dir='ltr'>Frater</span> <span class='ocrx_word' id='word_1_21' title='bbox 867 800 1347 880; x_wconf 89' lang='lat' dir='ltr'>Fortenerius</span> <span class='ocrx_word' id='word_1_22' title='bbox 1389 801 1753 880; x_wconf 69' lang='lat' dir='ltr'>Vasellus</span> <span class='ocrx_word' id='word_1_23' title='bbox 1774 803 1917 880; x_wconf 90' lang='lat' dir='ltr'>Gal</span> <span class='ocrx_word' id='word_1_24' title='bbox 1955 824 2089 897; x_wconf 73' lang='grc' dir='ltr'>υς,</span> <span class='ocrx_word' id='word_1_25' title='bbox 2141 801 2330 881; x_wconf 88' lang='lat' dir='ltr'>olim</span> <span class='ocrx_word' id='word_1_26' title='bbox 2384 801 2696 882; x_wconf 84' lang='lat' dir='ltr'>Ordinis</span> <span class='ocrx_word' id='word_1_27' title='bbox 2750 803 3150 885; x_wconf 82' lang='lat' dir='ltr'>Minorum</span> 
     </span>
     <span class='ocr_line' id='line_1_5' title="bbox 460 901 3152 1005; baseline 0.002 -24"><span class='ocrx_word' id='word_1_28' title='bbox 460 902 853 981; x_wconf 84' lang='lat' dir='ltr'>Generalis</span> <span class='ocrx_word' id='word_1_29' title='bbox 902 901 1260 1001; x_wconf 85' lang='lat' dir='ltr'>Magister</span> <span class='ocrx_word' id='word_1_30' title='bbox 1302 955 1331 996; x_wconf 82' lang='lat'>‚</span> <span class='ocrx_word' id='word_1_31' title='bbox 1380 902 1625 1002; x_wconf 90' lang='lat' dir='ltr'>postea</span> <span class='ocrx_word' id='word_1_32' title='bbox 1667 901 2292 1003; x_wconf 84' lang='lat' dir='ltr'>Archiepiscopus</span> <span class='ocrx_word' id='word_1_33' title='bbox 2332 906 2738 987; x_wconf 85' lang='lat' dir='ltr'>Ravennas</span> <span class='ocrx_word' id='word_1_34' title='bbox 2778 959 2805 999; x_wconf 83' lang='lat'>‚</span> <span class='ocrx_word' id='word_1_35' title='bbox 2858 905 2947 984; x_wconf 91' lang='lat' dir='ltr'>de</span> <span class='ocrx_word' id='word_1_36' title='bbox 2999 929 3152 1005; x_wconf 90' lang='lat' dir='ltr'>quo</span> 
     </span>
     <span class='ocr_line' id='line_1_6' title="bbox 454 1001 3156 1105; baseline 0.001 -24"><span class='ocrx_word' id='word_1_37' title='bbox 454 1003 818 1082; x_wconf 77' lang='lat' dir='ltr'>Baluzius</span> <span class='ocrx_word' id='word_1_38' title='bbox 871 1004 951 1080; x_wconf 89' lang='lat' dir='ltr'>in</span> <span class='ocrx_word' id='word_1_39' title='bbox 1000 1002 1199 1082; x_wconf 87' lang='lat' dir='ltr'>Vitis</span> <span class='ocrx_word' id='word_1_40' title='bbox 1245 1006 1497 1104; x_wconf 90' lang='lat' dir='ltr'>Papar.</span> <span class='ocrx_word' id='word_1_41' title='bbox 1542 1001 1921 1081; x_wconf 81' lang='lat' dir='ltr'>Avenion.</span> <span class='ocrx_word' id='word_1_42' title='bbox 1978 1005 2208 1082; x_wconf 88' lang='lat' dir='ltr'>Tom.</span> <span class='ocrx_word' id='word_1_43' title='bbox 2232 1025 2284 1081; x_wconf 94' lang='lat'>1.</span> <span class='ocrx_word' id='word_1_44' title='bbox 2339 1029 2500 1104; x_wconf 84' lang='lat' dir='ltr'>pag.</span> <span class='ocrx_word' id='word_1_45' title='bbox 2530 1033 2695 1105; x_wconf 78' lang='lat'>952.</span> <span class='ocrx_word' id='word_1_46' title='bbox 2750 1005 2920 1084; x_wconf 80' lang='lat' dir='ltr'>&amp;U</span> <span class='ocrx_word' id='word_1_47' title='bbox 2977 1006 3156 1086; x_wconf 85' lang='lat' dir='ltr'>hell.</span> 
     </span>
     <span class='ocr_line' id='line_1_7' title="bbox 461 1102 3152 1219; baseline 0.001 -38"><span class='ocrx_word' id='word_1_48' title='bbox 461 1102 547 1181; x_wconf 84' lang='lat' dir='ltr'>in</span> <span class='ocrx_word' id='word_1_49' title='bbox 590 1104 1194 1219; x_wconf 78' lang='lat' dir='ltr'>Archiepiscopis</span> <span class='ocrx_word' id='word_1_50' title='bbox 1257 1103 1824 1183; x_wconf 84' lang='lat' dir='ltr'>Ravennatibus</span> <span class='ocrx_word' id='word_1_51' title='bbox 1863 1156 1891 1200; x_wconf 87' lang='lat'>‚</span> <span class='ocrx_word' id='word_1_52' title='bbox 1964 1105 2040 1182; x_wconf 76' lang='lat'>8&lt;</span> <span class='ocrx_word' id='word_1_53' title='bbox 2095 1105 2542 1185; x_wconf 79' lang='lat' dir='ltr'>patriarchis</span> <span class='ocrx_word' id='word_1_54' title='bbox 2597 1106 2897 1185; x_wconf 84' lang='lat' dir='ltr'>Graden</span> <span class='ocrx_word' id='word_1_55' title='bbox 2928 1109 3096 1188; x_wconf 78' lang='lat' dir='ltr'>ibus</span> <span class='ocrx_word' id='word_1_56' title='bbox 3131 1162 3152 1183; x_wconf 90' lang='lat'><strong>.</strong></span> 
     </span>
    </p>
   </div>
   <div class='ocr_carea' id='block_1_3' title="bbox 459 1203 3312 1313">
    <p class='ocr_par' dir='ltr' id='par_1_4' title="bbox 459 1203 3312 1313">
     <span class='ocr_line' id='line_1_8' title="bbox 459 1203 3312 1313; baseline 0.001 -30"><span class='ocrx_word' id='word_1_57' title='bbox 459 1203 643 1306; x_wconf 77' lang='lat' dir='ltr'>Ejus</span> <span class='ocrx_word' id='word_1_58' title='bbox 696 1205 1089 1285; x_wconf 64' lang='lat' dir='ltr'>eleel‘ionis</span> <span class='ocrx_word' id='word_1_59' title='bbox 1146 1205 1445 1283; x_wconf 88' lang='lat' dir='ltr'>Bullam</span> <span class='ocrx_word' id='word_1_60' title='bbox 1498 1204 1711 1284; x_wconf 81' lang='lat' dir='ltr'>affert</span> <span class='ocrx_word' id='word_1_61' title='bbox 1776 1203 2200 1304; x_wconf 81' lang='lat' dir='ltr'>wadingus</span> <span class='ocrx_word' id='word_1_62' title='bbox 2253 1207 2483 1284; x_wconf 72' lang='lat' dir='ltr'>Tom-</span> <span class='ocrx_word' id='word_1_63' title='bbox 2530 1227 2705 1283; x_wconf 89' lang='lat' dir='ltr'><strong>v111.</strong></span> <span class='ocrx_word' id='word_1_64' title='bbox 2780 1229 2939 1306; x_wconf 81' lang='lat' dir='ltr'>pag.</span> <span class='ocrx_word' id='word_1_65' title='bbox 2982 1237 3153 1306; x_wconf 76' lang='lat'>409.</span> <span class='ocrx_word' id='word_1_66' title='bbox 3287 1299 3312 1313; x_wconf 29' lang='grc' dir='ltr'>ὑ</span> 
     </span>
    </p>
   </div>
   <div class='ocr_carea' id='block_1_4' title="bbox 442 1305 3164 2623">
    <p class='ocr_par' dir='ltr' id='par_1_5' title="bbox 454 1305 3157 2012">
     <span class='ocr_line' id='line_1_9' title="bbox 514 1305 3153 1407; baseline 0.001 -24"><span class='ocrx_word' id='word_1_67' title='bbox 514 1310 832 1386; x_wconf 57' lang='grc' dir='ltr'>ιιανάειῑα</span> <span class='ocrx_word' id='word_1_68' title='bbox 886 1305 1164 1384; x_wconf 86' lang='lat' dir='ltr'>dicitur</span> <span class='ocrx_word' id='word_1_69' title='bbox 1214 1331 1416 1385; x_wconf 89' lang='lat' dir='ltr'>anno</span> <span class='ocrx_word' id='word_1_70' title='bbox 1468 1333 1680 1407; x_wconf 63' lang='lat'>135¹·</span> <span class='ocrx_word' id='word_1_71' title='bbox 1735 1328 1912 1385; x_wconf 85' lang='lat' dir='ltr'>xm.</span> <span class='ocrx_word' id='word_1_72' title='bbox 1950 1308 2121 1384; x_wconf 88' lang='lat' dir='ltr'>Kal.</span> <span class='ocrx_word' id='word_1_73' title='bbox 2145 1305 2406 1404; x_wconf 73' lang='lat' dir='ltr'>Iunii,</span> <span class='ocrx_word' id='word_1_74' title='bbox 2457 1305 2779 1407; x_wconf 82' lang='lat' dir='ltr'>ideoque</span> <span class='ocrx_word' id='word_1_75' title='bbox 2831 1307 3153 1402; x_wconf 77' lang='lat' dir='ltr'>addendi</span> 
     </span>
     <span class='ocr_line' id='line_1_10' title="bbox 510 1405 3154 1510; baseline 0 -23"><span class='ocrx_word' id='word_1_76' title='bbox 510 1432 717 1487; x_wconf 82' lang='lat' dir='ltr'>ecem</span> <span class='ocrx_word' id='word_1_77' title='bbox 773 1408 928 1486; x_wconf 84' lang='lat' dir='ltr'>dies</span> <span class='ocrx_word' id='word_1_78' title='bbox 980 1408 1071 1484; x_wconf 86' lang='lat' dir='ltr'>ad</span> <span class='ocrx_word' id='word_1_79' title='bbox 1122 1406 1558 1487; x_wconf 84' lang='lat' dir='ltr'>chronicam</span> <span class='ocrx_word' id='word_1_80' title='bbox 1601 1406 1922 1510; x_wconf 78' lang='lat' dir='ltr'>Ughelli</span> <span class='ocrx_word' id='word_1_81' title='bbox 1978 1427 2281 1485; x_wconf 88' lang='lat' dir='ltr'>notam.</span> <span class='ocrx_word' id='word_1_82' title='bbox 2335 1405 2492 1488; x_wconf 85' lang='lat' dir='ltr'>Hic</span> <span class='ocrx_word' id='word_1_83' title='bbox 2541 1407 2974 1486; x_wconf 85' lang='lat' dir='ltr'>Clementis</span> <span class='ocrx_word' id='word_1_84' title='bbox 3017 1411 3154 1488; x_wconf 80' lang='lat' dir='ltr'>Vl.</span> 
     </span>
     <span class='ocr_line' id='line_1_11' title="bbox 455 1507 3156 1609; baseline 0.001 -23"><span class='ocrx_word' id='word_1_85' title='bbox 455 1508 639 1607; x_wconf 75' lang='lat' dir='ltr'>jussu</span> <span class='ocrx_word' id='word_1_86' title='bbox 691 1509 904 1588; x_wconf 88' lang='lat' dir='ltr'>omni</span> <span class='ocrx_word' id='word_1_87' title='bbox 956 1528 1234 1590; x_wconf 87' lang='lat' dir='ltr'>conatu</span> <span class='ocrx_word' id='word_1_88' title='bbox 1276 1509 1660 1589; x_wconf 72' lang='lat' dir='ltr'>laboravit</span> <span class='ocrx_word' id='word_1_89' title='bbox 1715 1533 1798 1591; x_wconf 90' lang='lat' dir='ltr'>ut</span> <span class='ocrx_word' id='word_1_90' title='bbox 1852 1532 2114 1609; x_wconf 84' lang='lat' dir='ltr'>pacem</span> <span class='ocrx_word' id='word_1_91' title='bbox 2155 1507 2356 1588; x_wconf 89' lang='lat' dir='ltr'>inter</span> <span class='ocrx_word' id='word_1_92' title='bbox 2399 1507 2885 1607; x_wconf 85' lang='lat' dir='ltr'>Respublicas</span> <span class='ocrx_word' id='word_1_93' title='bbox 2909 1509 3156 1590; x_wconf 84' lang='lat' dir='ltr'>Vene-</span> 
     </span>
     <span class='ocr_line' id='line_1_12' title="bbox 462 1608 3157 1714; baseline 0.001 -27"><span class='ocrx_word' id='word_1_94' title='bbox 462 1629 666 1708; x_wconf 89' lang='lat' dir='ltr'>tam,</span> <span class='ocrx_word' id='word_1_95' title='bbox 716 1612 788 1689; x_wconf 75' lang='lat'>8&lt;</span> <span class='ocrx_word' id='word_1_96' title='bbox 829 1612 1279 1714; x_wconf 88' lang='lat' dir='ltr'>Januensem</span> <span class='ocrx_word' id='word_1_97' title='bbox 1331 1612 1531 1689; x_wconf 88' lang='lat' dir='ltr'>inter</span> <span class='ocrx_word' id='word_1_98' title='bbox 1581 1613 1652 1690; x_wconf 90' lang='lat' dir='ltr'>se</span> <span class='ocrx_word' id='word_1_99' title='bbox 1707 1610 1980 1703; x_wconf 85' lang='lat' dir='ltr'>acriter</span> <span class='ocrx_word' id='word_1_100' title='bbox 2030 1608 2476 1688; x_wconf 82' lang='lat' dir='ltr'>dimicantes</span> <span class='ocrx_word' id='word_1_101' title='bbox 2527 1608 3016 1707; x_wconf 85' lang='lat' dir='ltr'>conciliaret,</span> <span class='ocrx_word' id='word_1_102' title='bbox 3071 1629 3157 1689; x_wconf 91' lang='lat' dir='ltr'>ut</span> 
     </span>
     <span class='ocr_line' id='line_1_13' title="bbox 456 1707 3156 1813; baseline 0 -26"><span class='ocrx_word' id='word_1_103' title='bbox 456 1731 664 1812; x_wconf 85' lang='lat' dir='ltr'>patet</span> <span class='ocrx_word' id='word_1_104' title='bbox 717 1733 811 1788; x_wconf 82' lang='lat' dir='ltr'>ex</span> <span class='ocrx_word' id='word_1_105' title='bbox 853 1713 1073 1789; x_wconf 78' lang='lat' dir='ltr'>Wad.</span> <span class='ocrx_word' id='word_1_106' title='bbox 1125 1712 1257 1813; x_wconf 88' lang='lat' dir='ltr'>qui</span> <span class='ocrx_word' id='word_1_107' title='bbox 1297 1711 1764 1812; x_wconf 83' lang='lat' dir='ltr'>Apostolicas</span> <span class='ocrx_word' id='word_1_108' title='bbox 1804 1709 2237 1790; x_wconf 86' lang='lat' dir='ltr'>Clementis</span> <span class='ocrx_word' id='word_1_109' title='bbox 2287 1707 2658 1809; x_wconf 88' lang='lat' dir='ltr'>Epistolas</span> <span class='ocrx_word' id='word_1_110' title='bbox 2709 1733 2803 1788; x_wconf 86' lang='lat' dir='ltr'>ex</span> <span class='ocrx_word' id='word_1_111' title='bbox 2856 1709 3156 1811; x_wconf 87' lang='lat' dir='ltr'>integro</span> 
     </span>
     <span class='ocr_line' id='line_1_14' title="bbox 454 1810 3157 1914; baseline 0.001 -28"><span class='ocrx_word' id='word_1_112' title='bbox 454 1810 818 1912; x_wconf 90' lang='lat' dir='ltr'>protulit.</span> <span class='ocrx_word' id='word_1_113' title='bbox 874 1811 1283 1892; x_wconf 75' lang='lat' dir='ltr'>Ecclesiam</span> <span class='ocrx_word' id='word_1_114' title='bbox 1304 1812 1764 1893; x_wconf 88' lang='lat' dir='ltr'>Gradensem</span> <span class='ocrx_word' id='word_1_115' title='bbox 1815 1812 2010 1893; x_wconf 85' lang='lat' dir='ltr'>rexit</span> <span class='ocrx_word' id='word_1_116' title='bbox 2051 1812 2145 1891; x_wconf 90' lang='lat' dir='ltr'>ad</span> <span class='ocrx_word' id='word_1_117' title='bbox 2181 1835 2464 1892; x_wconf 85' lang='lat' dir='ltr'>annum</span> <span class='ocrx_word' id='word_1_118' title='bbox 2512 1812 2737 1913; x_wconf 83' lang='lat' dir='ltr'>usque</span> <span class='ocrx_word' id='word_1_119' title='bbox 2770 1810 3157 1914; x_wconf 75' lang='lat' dir='ltr'>1355.alio</span> 
     </span>
     <span class='ocr_line' id='line_1_15' title="bbox 456 1912 2040 2012; baseline 0.003 -24"><span class='ocrx_word' id='word_1_120' title='bbox 456 1933 595 2012; x_wconf 87' lang='lat' dir='ltr'>per</span> <span class='ocrx_word' id='word_1_121' title='bbox 639 1912 1066 2012; x_wconf 86' lang='lat' dir='ltr'>Apostolica</span> <span class='ocrx_word' id='word_1_122' title='bbox 1118 1913 1292 2010; x_wconf 75' lang='lat' dir='ltr'>jussa</span> <span class='ocrx_word' id='word_1_123' title='bbox 1346 1935 1699 1994; x_wconf 80' lang='lat' dir='ltr'>vocatus.</span> <span class='ocrx_word' id='word_1_124' title='bbox 2035 1966 2040 1970; x_wconf 94' lang='lat'><em>-</em></span> 
     </span>
    </p>

    <p class='ocr_par' dir='ltr' id='par_1_6' title="bbox 442 2011 3164 2623">
     <span class='ocr_line' id='line_1_16' title="bbox 558 2011 3156 2119; baseline 0 -30"><span class='ocrx_word' id='word_1_125' title='bbox 558 2012 791 2091; x_wconf 87' lang='lat' dir='ltr'>Ursus</span> <span class='ocrx_word' id='word_1_126' title='bbox 834 2013 1271 2114; x_wconf 82' lang='lat' dir='ltr'>Delphinus</span> <span class='ocrx_word' id='word_1_127' title='bbox 1335 2039 1428 2093; x_wconf 84' lang='lat' dir='ltr'>ex</span> <span class='ocrx_word' id='word_1_128' title='bbox 1470 2014 2064 2119; x_wconf 84' lang='lat' dir='ltr'>Archiepiscopo</span> <span class='ocrx_word' id='word_1_129' title='bbox 2105 2013 2448 2095; x_wconf 77' lang='lat' dir='ltr'>Cretensi</span> <span class='ocrx_word' id='word_1_130' title='bbox 2495 2011 2928 2095; x_wconf 83' lang='lat' dir='ltr'>Patriarcha</span> <span class='ocrx_word' id='word_1_131' title='bbox 2970 2015 3156 2091; x_wconf 87' lang='lat' dir='ltr'>Gra-</span> 
     </span>
     <span class='ocr_line' id='line_1_17' title="bbox 460 2105 3162 2217; baseline 0 -27"><span class='ocrx_word' id='word_1_132' title='bbox 460 2105 695 2191; x_wconf 81' lang='lat' dir='ltr'>denfis</span> <span class='ocrx_word' id='word_1_133' title='bbox 746 2113 1027 2195; x_wconf 69' lang='lat' dir='ltr'>eleE&#39;tus</span> <span class='ocrx_word' id='word_1_134' title='bbox 1100 2118 1366 2196; x_wconf 85' lang='lat' dir='ltr'>eodem</span> <span class='ocrx_word' id='word_1_135' title='bbox 1440 2143 1641 2196; x_wconf 90' lang='lat' dir='ltr'>anno</span> <span class='ocrx_word' id='word_1_136' title='bbox 1689 2148 1721 2196; x_wconf 91' lang='lat'>1</span> <span class='ocrx_word' id='word_1_137' title='bbox 1789 2145 1902 2217; x_wconf 78' lang='lat'>55.</span> <span class='ocrx_word' id='word_1_138' title='bbox 1960 2120 2084 2197; x_wconf 89' lang='lat' dir='ltr'>De</span> <span class='ocrx_word' id='word_1_139' title='bbox 2123 2116 2258 2196; x_wconf 82' lang='lat' dir='ltr'>die</span> <span class='ocrx_word' id='word_1_140' title='bbox 2305 2117 2386 2195; x_wconf 69' lang='grc' dir='ltr'>ἃ</span> <span class='ocrx_word' id='word_1_141' title='bbox 2458 2116 2631 2195; x_wconf 89' lang='lat' dir='ltr'>loco</span> <span class='ocrx_word' id='word_1_142' title='bbox 2683 2112 3162 2215; x_wconf 75' lang='lat' dir='ltr'>depositionis</span> 
     </span>
     <span class='ocr_line' id='line_1_18' title="bbox 458 2214 3164 2316; baseline 0.001 -24"><span class='ocrx_word' id='word_1_143' title='bbox 458 2214 617 2314; x_wconf 84' lang='lat' dir='ltr'>ejus</span> <span class='ocrx_word' id='word_1_144' title='bbox 666 2214 1263 2316; x_wconf 75' lang='lat' dir='ltr'>antiquissimum</span> <span class='ocrx_word' id='word_1_145' title='bbox 1321 2218 1677 2297; x_wconf 88' lang='lat' dir='ltr'>Diarium</span> <span class='ocrx_word' id='word_1_146' title='bbox 1835 2217 2182 2296; x_wconf 87' lang='lat' dir='ltr'>onasterii</span> <span class='ocrx_word' id='word_1_147' title='bbox 2224 2218 2294 2296; x_wconf 89' lang='lat' dir='ltr'>S.</span> <span class='ocrx_word' id='word_1_148' title='bbox 2342 2216 2614 2296; x_wconf 84' lang='lat' dir='ltr'>Mariae</span> <span class='ocrx_word' id='word_1_149' title='bbox 2651 2215 2964 2295; x_wconf 84' lang='lat' dir='ltr'>Ordinis</span> <span class='ocrx_word' id='word_1_150' title='bbox 3005 2217 3164 2294; x_wconf 86' lang='lat' dir='ltr'>Ser-</span> 
     </span>
     <span class='ocr_line' id='line_1_19' title="bbox 452 2315 3156 2418; baseline -0.001 -22"><span class='ocrx_word' id='word_1_151' title='bbox 452 2333 729 2396; x_wconf 75' lang='lat' dir='ltr'>vorum</span> <span class='ocrx_word' id='word_1_152' title='bbox 748 2315 1247 2398; x_wconf 82' lang='lat' dir='ltr'>Venetiarum</span> <span class='ocrx_word' id='word_1_153' title='bbox 1304 2321 1463 2398; x_wconf 79' lang='lat' dir='ltr'>haec</span> <span class='ocrx_word' id='word_1_154' title='bbox 1509 2321 1735 2400; x_wconf 88' lang='lat' dir='ltr'>habet</span> <span class='ocrx_word' id='word_1_155' title='bbox 1789 2320 2059 2397; x_wconf 88' lang='lat' dir='ltr'>eodem</span> <span class='ocrx_word' id='word_1_156' title='bbox 2093 2318 2355 2414; x_wconf 78' lang='lat' dir='ltr'>obitus</span> <span class='ocrx_word' id='word_1_157' title='bbox 2407 2318 2564 2416; x_wconf 82' lang='lat' dir='ltr'>ejus</span> <span class='ocrx_word' id='word_1_158' title='bbox 2604 2338 2948 2418; x_wconf 84' lang='lat' dir='ltr'>tempore</span> <span class='ocrx_word' id='word_1_159' title='bbox 2979 2340 3156 2396; x_wconf 47' lang='lat' dir='ltr'>,exaz</span> 
     </span>
     <span class='ocr_line' id='line_1_20' title="bbox 442 2411 3159 2522; baseline -0 -25"><span class='ocrx_word' id='word_1_160' title='bbox 442 2439 617 2498; x_wconf 77' lang='lat' dir='ltr'>&#39;rata</span> <span class='ocrx_word' id='word_1_161' title='bbox 640 2476 656 2494; x_wconf 95' lang='lat'><strong>.</strong></span> <span class='ocrx_word' id='word_1_162' title='bbox 711 2417 878 2518; x_wconf 86' lang='lat' dir='ltr'>0er</span> <span class='ocrx_word' id='word_1_163' title='bbox 921 2414 1221 2522; x_wconf 70' lang='lat' dir='ltr'>Deffino</span> <span class='ocrx_word' id='word_1_164' title='bbox 1260 2418 1702 2500; x_wconf 70' lang='lat' dir='ltr'>patriarcha</span> <span class='ocrx_word' id='word_1_165' title='bbox 1742 2417 1834 2498; x_wconf 78' lang='lat' dir='ltr'>de</span> <span class='ocrx_word' id='word_1_166' title='bbox 1870 2415 2116 2500; x_wconf 67' lang='lat' dir='ltr'>Grada</span> <span class='ocrx_word' id='word_1_167' title='bbox 2153 2419 2249 2520; x_wconf 75' lang='lat' dir='ltr'><em>fh</em></span> <span class='ocrx_word' id='word_1_168' title='bbox 2283 2415 2564 2518; x_wconf 82' lang='lat' dir='ltr'>sepolto</span> <span class='ocrx_word' id='word_1_169' title='bbox 2619 2416 2697 2495; x_wconf 83' lang='lat' dir='ltr'>ai</span> <span class='ocrx_word' id='word_1_170' title='bbox 2715 2411 2936 2495; x_wconf 75' lang='lat' dir='ltr'>Frari</span> <span class='ocrx_word' id='word_1_171' title='bbox 2988 2415 3066 2506; x_wconf 75' lang='lat' dir='ltr'>ai</span> <span class='ocrx_word' id='word_1_172' title='bbox 3096 2443 3159 2516; x_wconf 79' lang='grc' dir='ltr'>ς.</span> 
     </span>
     <span class='ocr_line' id='line_1_21' title="bbox 466 2517 3156 2623; baseline -0 -24"><span class='ocrx_word' id='word_1_173' title='bbox 466 2517 860 2600; x_wconf 77' lang='lat' dir='ltr'>Decembre</span> <span class='ocrx_word' id='word_1_174' title='bbox 912 2531 1140 2623; x_wconf 70' lang='lat'><strong>1367.</strong></span> <span class='ocrx_word' id='word_1_175' title='bbox 1197 2523 1422 2602; x_wconf 87' lang='lat' dir='ltr'>Plura</span> <span class='ocrx_word' id='word_1_176' title='bbox 1472 2524 1562 2603; x_wconf 85' lang='lat' dir='ltr'>de</span> <span class='ocrx_word' id='word_1_177' title='bbox 1618 2522 1774 2622; x_wconf 87' lang='lat' dir='ltr'>ejus</span> <span class='ocrx_word' id='word_1_178' title='bbox 1826 2520 2234 2603; x_wconf 87' lang='lat' dir='ltr'>emortuali</span> <span class='ocrx_word' id='word_1_179' title='bbox 2285 2520 2404 2601; x_wconf 87' lang='lat' dir='ltr'>die</span> <span class='ocrx_word' id='word_1_180' title='bbox 2429 2518 2514 2604; x_wconf 88' lang='lat' dir='ltr'>in</span> <span class='ocrx_word' id='word_1_181' title='bbox 2553 2519 2714 2620; x_wconf 85' lang='lat' dir='ltr'>ejus</span> <span class='ocrx_word' id='word_1_182' title='bbox 2752 2519 3156 2602; x_wconf 79' lang='lat' dir='ltr'>succeffore</span> 
     </span>
    </p>
   </div>
   <div class='ocr_carea' id='block_1_5' title="bbox 302 2621 1352 2724">
    <p class='ocr_par' dir='ltr' id='par_1_7' title="bbox 302 2621 1352 2724">
     <span class='ocr_line' id='line_1_22' title="bbox 302 2621 1352 2724; baseline -0.004 -18"><span class='ocrx_word' id='word_1_183' title='bbox 302 2701 313 2706; x_wconf 85' lang='lat'>-</span> <span class='ocrx_word' id='word_1_184' title='bbox 456 2621 970 2718; x_wconf 84' lang='lat' dir='ltr'>exhibentur,</span> <span class='ocrx_word' id='word_1_185' title='bbox 1022 2624 1151 2724; x_wconf 90' lang='lat' dir='ltr'>qui</span> <span class='ocrx_word' id='word_1_186' title='bbox 1208 2622 1352 2703; x_wconf 89' lang='lat' dir='ltr'>fuit</span> 
     </span>
    </p>
   </div>
   <div class='ocr_carea' id='block_1_6' title="bbox 444 2720 3165 4346">
    <p class='ocr_par' dir='ltr' id='par_1_8' title="bbox 444 2720 3164 4220">
     <span class='ocr_line' id='line_1_23' title="bbox 551 2720 3156 2826; baseline -0.001 -24"><span class='ocrx_word' id='word_1_187' title='bbox 551 2724 988 2804; x_wconf 85' lang='lat' dir='ltr'>Franciscus</span> <span class='ocrx_word' id='word_1_188' title='bbox 1032 2725 1454 2825; x_wconf 60' lang='lat' dir='ltr'>Quirinus,</span> <span class='ocrx_word' id='word_1_189' title='bbox 1508 2729 1537 2824; x_wconf 88' lang='lat'>(</span> <span class='ocrx_word' id='word_1_190' title='bbox 1570 2729 1800 2826; x_wconf 79' lang='lat' dir='ltr'>quem</span> <span class='ocrx_word' id='word_1_191' title='bbox 1839 2726 2208 2808; x_wconf 87' lang='lat' dir='ltr'>Clericali</span> <span class='ocrx_word' id='word_1_192' title='bbox 2259 2724 2557 2803; x_wconf 87' lang='lat' dir='ltr'>militiae</span> <span class='ocrx_word' id='word_1_193' title='bbox 2601 2743 2885 2801; x_wconf 84' lang='lat' dir='ltr'>nomen</span> <span class='ocrx_word' id='word_1_194' title='bbox 2923 2720 3156 2800; x_wconf 87' lang='lat' dir='ltr'>dedis-</span> 
     </span>
     <span class='ocr_line' id='line_1_24' title="bbox 452 2817 3156 2927; baseline -0.002 -23"><span class='ocrx_word' id='word_1_195' title='bbox 452 2826 526 2904; x_wconf 88' lang='lat' dir='ltr'>se</span> <span class='ocrx_word' id='word_1_196' title='bbox 575 2823 749 2904; x_wconf 84' lang='lat' dir='ltr'>satis</span> <span class='ocrx_word' id='word_1_197' title='bbox 802 2824 954 2902; x_wconf 84' lang='lat' dir='ltr'>fuse</span> <span class='ocrx_word' id='word_1_198' title='bbox 1010 2825 1322 2924; x_wconf 88' lang='lat' dir='ltr'>probavi</span> <span class='ocrx_word' id='word_1_199' title='bbox 1376 2825 1459 2904; x_wconf 92' lang='lat' dir='ltr'>in</span> <span class='ocrx_word' id='word_1_200' title='bbox 1510 2826 1848 2927; x_wconf 88' lang='lat' dir='ltr'>Epistola</span> <span class='ocrx_word' id='word_1_201' title='bbox 1899 2827 1994 2904; x_wconf 89' lang='lat' dir='ltr'>ad</span> <span class='ocrx_word' id='word_1_202' title='bbox 2045 2824 2529 2903; x_wconf 76' lang='lat' dir='ltr'>EminentisS.</span> <span class='ocrx_word' id='word_1_203' title='bbox 2584 2824 2660 2903; x_wconf 79' lang='lat'>8&lt;</span> <span class='ocrx_word' id='word_1_204' title='bbox 2721 2826 2994 2904; x_wconf 87' lang='lat' dir='ltr'>Rever.</span> <span class='ocrx_word' id='word_1_205' title='bbox 3049 2817 3156 2900; x_wconf 88' lang='lat' dir='ltr'>D.</span> 
     </span>
     <span class='ocr_line' id='line_1_25' title="bbox 450 2923 3157 3028; baseline -0.001 -21"><span class='ocrx_word' id='word_1_206' title='bbox 450 2928 835 3028; x_wconf 79' lang='lat' dir='ltr'>Angelum</span> <span class='ocrx_word' id='word_1_207' title='bbox 894 2924 1224 3005; x_wconf 88' lang='lat' dir='ltr'>Mariam</span> <span class='ocrx_word' id='word_1_208' title='bbox 1271 2925 1694 3026; x_wconf 80' lang='lat' dir='ltr'>Quirinum</span> <span class='ocrx_word' id='word_1_209' title='bbox 1748 2929 1820 3007; x_wconf 87' lang='lat' dir='ltr'>S.</span> <span class='ocrx_word' id='word_1_210' title='bbox 1846 2923 1953 3004; x_wconf 72' lang='lat' dir='ltr'>R.</span> <span class='ocrx_word' id='word_1_211' title='bbox 1997 2928 2086 3005; x_wconf 91' lang='lat' dir='ltr'>E.</span> <span class='ocrx_word' id='word_1_212' title='bbox 2130 2923 2620 3028; x_wconf 68' lang='lat' dir='ltr'>Cardinalem</span> <span class='ocrx_word' id='word_1_213' title='bbox 2646 2923 3157 3004; x_wconf 84' lang='lat' dir='ltr'>Bibliotheca.-</span> 
     </span>
     <span class='ocr_line' id='line_1_26' title="bbox 449 3020 3163 3131; baseline -0.001 -24"><span class='ocrx_word' id='word_1_214' title='bbox 449 3027 650 3107; x_wconf 86' lang='lat' dir='ltr'>rium</span> <span class='ocrx_word' id='word_1_215' title='bbox 707 3028 781 3107; x_wconf 81' lang='lat'>8&lt;</span> <span class='ocrx_word' id='word_1_216' title='bbox 819 3027 1280 3131; x_wconf 87' lang='lat' dir='ltr'>Episcopum</span> <span class='ocrx_word' id='word_1_217' title='bbox 1305 3027 1771 3108; x_wconf 84' lang='lat' dir='ltr'>Brixiensem</span> <span class='ocrx_word' id='word_1_218' title='bbox 1814 3029 2011 3128; x_wconf 86' lang='lat' dir='ltr'>inter</span> <span class='ocrx_word' id='word_1_219' title='bbox 2052 3029 2409 3130; x_wconf 88' lang='lat' dir='ltr'>opuscula</span> <span class='ocrx_word' id='word_1_220' title='bbox 2430 3024 2951 3126; x_wconf 81' lang='lat' dir='ltr'>Calogerianae</span> <span class='ocrx_word' id='word_1_221' title='bbox 2973 3020 3163 3104; x_wconf 86' lang='lat' dir='ltr'>Col-</span> 
     </span>
     <span class='ocr_line' id='line_1_27' title="bbox 444 3122 3156 3240; baseline -0.003 -31"><span class='ocrx_word' id='word_1_222' title='bbox 444 3128 794 3209; x_wconf 70' lang='lat' dir='ltr'>leffionis</span> <span class='ocrx_word' id='word_1_223' title='bbox 845 3129 1080 3208; x_wconf 80' lang='lat' dir='ltr'>relata</span> <span class='ocrx_word' id='word_1_224' title='bbox 1136 3129 1649 3209; x_wconf 50' lang='lat' dir='ltr'>Tora-xxxta</span> <span class='ocrx_word' id='word_1_225' title='bbox 1725 3156 1888 3233; x_wconf 81' lang='lat' dir='ltr'>pag.</span> <span class='ocrx_word' id='word_1_226' title='bbox 1908 3159 2077 3232; x_wconf 88' lang='lat'><strong>473.</strong></span> <span class='ocrx_word' id='word_1_227' title='bbox 2132 3151 2398 3210; x_wconf 86' lang='lat' dir='ltr'>contra</span> <span class='ocrx_word' id='word_1_228' title='bbox 2454 3126 3024 3240; x_wconf 34' lang='lat' dir='ltr'>Cimarellamst</span> <span class='ocrx_word' id='word_1_229' title='bbox 3076 3122 3156 3202; x_wconf 73' lang='grc' dir='ltr'>δε</span> 
     </span>
     <span class='ocr_line' id='line_1_28' title="bbox 450 3227 3162 3330; baseline -0.001 -22"><span class='ocrx_word' id='word_1_230' title='bbox 450 3229 945 3309; x_wconf 79' lang='lat' dir='ltr'>Meliffanum</span> <span class='ocrx_word' id='word_1_231' title='bbox 998 3230 1456 3310; x_wconf 87' lang='lat' dir='ltr'>Minoritico</span> <span class='ocrx_word' id='word_1_232' title='bbox 1506 3234 1581 3309; x_wconf 91' lang='lat' dir='ltr'>S.</span> <span class='ocrx_word' id='word_1_233' title='bbox 1624 3230 1997 3312; x_wconf 83' lang='lat' dir='ltr'>Francisci</span> <span class='ocrx_word' id='word_1_234' title='bbox 2050 3231 2396 3311; x_wconf 88' lang='lat' dir='ltr'>instituto</span> <span class='ocrx_word' id='word_1_235' title='bbox 2446 3229 2690 3330; x_wconf 86' lang='lat' dir='ltr'>ipsum</span> <span class='ocrx_word' id='word_1_236' title='bbox 2744 3227 3162 3306; x_wconf 75' lang='lat' dir='ltr'>adscriben⁴</span> 
     </span>
     <span class='ocr_line' id='line_1_29' title="bbox 449 3325 3159 3434; baseline -0.003 -25"><span class='ocrx_word' id='word_1_237' title='bbox 449 3351 564 3410; x_wconf 86' lang='lat' dir='ltr'>tes</span> <span class='ocrx_word' id='word_1_238' title='bbox 607 3330 633 3428; x_wconf 89' lang='lat'>)</span> <span class='ocrx_word' id='word_1_239' title='bbox 688 3330 1103 3411; x_wconf 74' lang='lat' dir='ltr'>Paroeciam</span> <span class='ocrx_word' id='word_1_240' title='bbox 1158 3333 1489 3434; x_wconf 89' lang='lat' dir='ltr'>primum</span> <span class='ocrx_word' id='word_1_241' title='bbox 1544 3335 1613 3412; x_wconf 93' lang='lat' dir='ltr'>S.</span> <span class='ocrx_word' id='word_1_242' title='bbox 1660 3333 1931 3413; x_wconf 69' lang='lat' dir='ltr'>Mariae</span> <span class='ocrx_word' id='word_1_243' title='bbox 1971 3333 2346 3423; x_wconf 74' lang='lat' dir='ltr'>Formosae</span> <span class='ocrx_word' id='word_1_244' title='bbox 2398 3326 2996 3423; x_wconf 82' lang='lat' dir='ltr'>administravit,</span> <span class='ocrx_word' id='word_1_245' title='bbox 3044 3325 3159 3403; x_wconf 87' lang='lat' dir='ltr'>in-</span> 
     </span>
     <span class='ocr_line' id='line_1_30' title="bbox 453 3426 3160 3543; baseline -0.002 -34"><span class='ocrx_word' id='word_1_246' title='bbox 453 3433 696 3531; x_wconf 87' lang='lat' dir='ltr'>deque</span> <span class='ocrx_word' id='word_1_247' title='bbox 749 3432 839 3512; x_wconf 86' lang='lat' dir='ltr'>ad</span> <span class='ocrx_word' id='word_1_248' title='bbox 879 3429 1353 3536; x_wconf 82' lang='lat' dir='ltr'>Episcopales</span> <span class='ocrx_word' id='word_1_249' title='bbox 1397 3433 2056 3536; x_wconf 77' lang='lat' dir='ltr'>Iustinopolitanas</span> <span class='ocrx_word' id='word_1_250' title='bbox 2107 3433 2381 3513; x_wconf 84' lang='lat' dir='ltr'>infulas</span> <span class='ocrx_word' id='word_1_251' title='bbox 2430 3429 2737 3510; x_wconf 65' lang='lat' dir='ltr'>eveaus</span> <span class='ocrx_word' id='word_1_252' title='bbox 2792 3426 3160 3543; x_wconf 34' lang='lat' dir='ltr'>fuit-Cle-</span> 
     </span>
     <span class='ocr_line' id='line_1_31' title="bbox 447 3524 3156 3643; baseline -0.002 -33"><span class='ocrx_word' id='word_1_253' title='bbox 447 3533 745 3611; x_wconf 88' lang='lat' dir='ltr'>mentis</span> <span class='ocrx_word' id='word_1_254' title='bbox 787 3533 997 3632; x_wconf 82' lang='lat' dir='ltr'>Papae</span> <span class='ocrx_word' id='word_1_255' title='bbox 1022 3536 1156 3613; x_wconf 89' lang='lat' dir='ltr'>VI.</span> <span class='ocrx_word' id='word_1_256' title='bbox 1210 3535 1675 3614; x_wconf 83' lang='lat' dir='ltr'>authoritate</span> <span class='ocrx_word' id='word_1_257' title='bbox 1726 3562 1928 3615; x_wconf 87' lang='lat' dir='ltr'>anno</span> <span class='ocrx_word' id='word_1_258' title='bbox 1968 3535 2334 3612; x_wconf 79' lang='lat' dir='ltr'>Mcccn..</span> <span class='ocrx_word' id='word_1_259' title='bbox 2390 3536 2651 3633; x_wconf 76' lang='lat' dir='ltr'>Quam</span> <span class='ocrx_word' id='word_1_260' title='bbox 2706 3529 2962 3643; x_wconf 63' lang='lat' dir='ltr'>solerti</span> <span class='ocrx_word' id='word_1_261' title='bbox 3016 3524 3156 3643; x_wconf 58' lang='grc' dir='ltr'>βυ-</span> 
     </span>
     <span class='ocr_line' id='line_1_32' title="bbox 452 3630 3162 3737; baseline -0.003 -24"><span class='ocrx_word' id='word_1_262' title='bbox 452 3634 581 3713; x_wconf 91' lang='lat' dir='ltr'>dio</span> <span class='ocrx_word' id='word_1_263' title='bbox 604 3631 1017 3713; x_wconf 72' lang='lat' dir='ltr'>Ecclesiam</span> <span class='ocrx_word' id='word_1_264' title='bbox 1044 3634 1237 3715; x_wconf 89' lang='lat' dir='ltr'>hanc</span> <span class='ocrx_word' id='word_1_265' title='bbox 1263 3636 1888 3717; x_wconf 81' lang='lat' dir='ltr'>administraverit</span> <span class='ocrx_word' id='word_1_266' title='bbox 1915 3659 2048 3736; x_wconf 85' lang='lat' dir='ltr'>pro</span> <span class='ocrx_word' id='word_1_267' title='bbox 2071 3631 2646 3737; x_wconf 79' lang='lat' dir='ltr'>argumentoest</span> <span class='ocrx_word' id='word_1_268' title='bbox 2668 3657 2754 3712; x_wconf 89' lang='lat' dir='ltr'>ea</span> <span class='ocrx_word' id='word_1_269' title='bbox 2796 3630 3162 3710; x_wconf 76' lang='lat' dir='ltr'>sollicitu-</span> 
     </span>
     <span class='ocr_line' id='line_1_33' title="bbox 453 3726 3159 3838; baseline -0.001 -25"><span class='ocrx_word' id='word_1_270' title='bbox 453 3736 549 3813; x_wconf 87' lang='lat' dir='ltr'>do</span> <span class='ocrx_word' id='word_1_271' title='bbox 571 3733 718 3838; x_wconf 70' lang='lat' dir='ltr'>qua</span> <span class='ocrx_word' id='word_1_272' title='bbox 739 3726 1156 3832; x_wconf 80' lang='lat' dir='ltr'>exemplum</span> <span class='ocrx_word' id='word_1_273' title='bbox 1180 3732 1269 3814; x_wconf 81' lang='lat' dir='ltr'>de</span> <span class='ocrx_word' id='word_1_274' title='bbox 1288 3736 1725 3837; x_wconf 67' lang='lat' dir='ltr'>quibusdam</span> <span class='ocrx_word' id='word_1_275' title='bbox 1764 3734 2172 3818; x_wconf 79' lang='lat' dir='ltr'>rationibus</span> <span class='ocrx_word' id='word_1_276' title='bbox 2190 3732 2657 3835; x_wconf 76' lang='lat' dir='ltr'>Episcopatus</span> <span class='ocrx_word' id='word_1_277' title='bbox 2696 3756 2790 3813; x_wconf 87' lang='lat' dir='ltr'>ex</span> <span class='ocrx_word' id='word_1_278' title='bbox 2812 3729 3159 3812; x_wconf 87' lang='lat' dir='ltr'>Archivo</span> 
     </span>
     <span class='ocr_line' id='line_1_34' title="bbox 445 3830 3161 3939; baseline -0.003 -22"><span class='ocrx_word' id='word_1_279' title='bbox 445 3837 910 3917; x_wconf 87' lang='lat' dir='ltr'>Communis</span> <span class='ocrx_word' id='word_1_280' title='bbox 929 3835 1415 3939; x_wconf 73' lang='lat' dir='ltr'>Iustinopolis</span> <span class='ocrx_word' id='word_1_281' title='bbox 1436 3840 1734 3918; x_wconf 86' lang='lat' dir='ltr'>extrahi</span> <span class='ocrx_word' id='word_1_282' title='bbox 1758 3838 2054 3920; x_wconf 88' lang='lat' dir='ltr'>curavit</span> <span class='ocrx_word' id='word_1_283' title='bbox 2154 3838 2503 3938; x_wconf 90' lang='lat' dir='ltr'>quodque</span> <span class='ocrx_word' id='word_1_284' title='bbox 2527 3860 2621 3915; x_wconf 84' lang='lat' dir='ltr'>ex</span> <span class='ocrx_word' id='word_1_285' title='bbox 2644 3835 2881 3931; x_wconf 83' lang='lat' dir='ltr'>libro,</span> <span class='ocrx_word' id='word_1_286' title='bbox 2916 3831 3037 3914; x_wconf 92' lang='lat' dir='ltr'>cui</span> <span class='ocrx_word' id='word_1_287' title='bbox 3066 3830 3161 3909; x_wconf 85' lang='lat' dir='ltr'>ti-</span> 
     </span>
     <span class='ocr_line' id='line_1_35' title="bbox 454 3893 3161 4055; baseline -0.002 -39"><span class='ocrx_word' id='word_1_288' title='bbox 454 3941 661 4018; x_wconf 77' lang='lat' dir='ltr'>tulus</span> <span class='ocrx_word' id='word_1_289' title='bbox 684 3938 1106 4037; x_wconf 80' lang='lat' dir='ltr'>Corografia</span> <span class='ocrx_word' id='word_1_290' title='bbox 1142 3935 1647 4055; x_wconf 75' lang='lat' dir='ltr'>Eccleftastica</span> <span class='ocrx_word' id='word_1_291' title='bbox 1687 3938 1769 4019; x_wconf 77' lang='lat' dir='ltr'>di</span> <span class='ocrx_word' id='word_1_292' title='bbox 1811 3950 2007 4037; x_wconf 81' lang='lat' dir='ltr'>Capo</span> <span class='ocrx_word' id='word_1_293' title='bbox 2045 3893 2116 4018; x_wconf 53' lang='grc' dir='ltr'><em>ἆ</em></span> <span class='ocrx_word' id='word_1_294' title='bbox 2134 3935 2393 4041; x_wconf 69' lang='grc' dir='ltr'><em>Ιβνὶα,</em></span> <span class='ocrx_word' id='word_1_295' title='bbox 2441 3964 2569 4038; x_wconf 88' lang='lat' dir='ltr'>per</span> <span class='ocrx_word' id='word_1_296' title='bbox 2609 3936 2932 4052; x_wconf 73' lang='lat' dir='ltr'>⁸Paulum</span> <span class='ocrx_word' id='word_1_297' title='bbox 2975 3930 3161 4012; x_wconf 84' lang='lat' dir='ltr'>Nal-</span> 
     </span>
     <span class='ocr_line' id='line_1_36' title="bbox 452 4035 3164 4220; baseline -0.002 -103"><span class='ocrx_word' id='word_1_298' title='bbox 452 4039 715 4220; x_wconf 68' lang='lat' dir='ltr'>di‘mf1m</span> <span class='ocrx_word' id='word_1_299' title='bbox 791 4040 1123 4139; x_wconf 78' lang='lat' dir='ltr'>ejusdem</span> <span class='ocrx_word' id='word_1_300' title='bbox 1173 4042 1411 4121; x_wconf 79' lang='lat' dir='ltr'>Urbts</span> <span class='ocrx_word' id='word_1_301' title='bbox 1476 4041 1936 4145; x_wconf 88' lang='lat' dir='ltr'>Episcopum</span> <span class='ocrx_word' id='word_1_302' title='bbox 2010 4038 2474 4120; x_wconf 87' lang='lat' dir='ltr'>concinnato</span> <span class='ocrx_word' id='word_1_303' title='bbox 2548 4037 2678 4117; x_wconf 77' lang='lat' dir='ltr'>hic</span> <span class='ocrx_word' id='word_1_304' title='bbox 2749 4061 2835 4116; x_wconf 85' lang='lat' dir='ltr'>m</span> <span class='ocrx_word' id='word_1_305' title='bbox 2907 4035 3164 4114; x_wconf 89' lang='lat' dir='ltr'>lucem</span> 
     </span>
    </p>

    <p class='ocr_par' dir='ltr' id='par_1_9' title="bbox 450 4165 3165 4346">
     <span class='ocr_line' id='line_1_37' title="bbox 502 4165 1649 4222; baseline -0.002 -2"><span class='ocrx_word' id='word_1_306' title='bbox 502 4167 585 4222; x_wconf 88' lang='lat' dir='ltr'>ro</span> <span class='ocrx_word' id='word_1_307' title='bbox 617 4165 894 4222; x_wconf 76' lang='lat' dir='ltr'>erimus</span> <span class='ocrx_word' id='word_1_308' title='bbox 919 4200 937 4218; x_wconf 90' lang='lat'><strong>.</strong></span> <span class='ocrx_word' id='word_1_309' title='bbox 1632 4209 1649 4218; x_wconf 30' lang='lat' dir='ltr'>r</span> 
     </span>
     <span class='ocr_line' id='line_1_38' title="bbox 450 4168 3165 4346; baseline -0.003 -25"><span class='ocrx_word' id='word_1_310' title='bbox 450 4168 498 4243; x_wconf 75' lang='lat' dir='ltr'>P</span> <span class='ocrx_word' id='word_1_311' title='bbox 559 4299 615 4340; x_wconf 85' lang='lat'><strong>„</strong></span> <span class='ocrx_word' id='word_1_312' title='bbox 670 4244 847 4321; x_wconf 87' lang='lat' dir='ltr'>Hoc</span> <span class='ocrx_word' id='word_1_313' title='bbox 900 4241 1004 4322; x_wconf 89' lang='lat' dir='ltr'>est</span> <span class='ocrx_word' id='word_1_314' title='bbox 1046 4243 1512 4345; x_wconf 85' lang='lat' dir='ltr'>Exemplum</span> <span class='ocrx_word' id='word_1_315' title='bbox 1572 4246 1664 4325; x_wconf 86' lang='lat' dir='ltr'>de</span> <span class='ocrx_word' id='word_1_316' title='bbox 1713 4243 2165 4346; x_wconf 84' lang='lat' dir='ltr'>quibusdam</span> <span class='ocrx_word' id='word_1_317' title='bbox 2207 4240 2632 4324; x_wconf 86' lang='lat' dir='ltr'>rationibus</span> <span class='ocrx_word' id='word_1_318' title='bbox 2672 4237 3165 4341; x_wconf 82' lang='lat' dir='ltr'>Episcopatus</span> 
     </span>
    </p>
   </div>
   <div class='ocr_carea' id='block_1_7' title="bbox 455 4339 3312 4449">
    <p class='ocr_par' dir='ltr' id='par_1_10' title="bbox 455 4339 3312 4449">
     <span class='ocr_line' id='line_1_39' title="bbox 455 4339 3312 4449; baseline -0.002 -26"><span class='ocrx_word' id='word_1_319' title='bbox 455 4398 511 4440; x_wconf 81' lang='lat'>„</span> <span class='ocrx_word' id='word_1_320' title='bbox 562 4371 603 4422; x_wconf 87' lang='lat' dir='ltr'>a</span> <span class='ocrx_word' id='word_1_321' title='bbox 647 4345 1082 4423; x_wconf 85' lang='lat' dir='ltr'>Communi</span> <span class='ocrx_word' id='word_1_322' title='bbox 1133 4345 1637 4449; x_wconf 74' lang='lat' dir='ltr'>Iustinopolis</span> <span class='ocrx_word' id='word_1_323' title='bbox 1690 4344 2115 4425; x_wconf 56' lang='lat' dir='ltr'>extractum</span> <span class='ocrx_word' id='word_1_324' title='bbox 2156 4398 2183 4440; x_wconf 86' lang='lat'>‚</span> <span class='ocrx_word' id='word_1_325' title='bbox 2235 4344 2328 4422; x_wconf 89' lang='lat' dir='ltr'>ad</span> <span class='ocrx_word' id='word_1_326' title='bbox 2377 4341 2805 4422; x_wconf 86' lang='lat' dir='ltr'>instantiam</span> <span class='ocrx_word' id='word_1_327' title='bbox 2847 4393 2875 4435; x_wconf 79' lang='lat'>‚</span> <span class='ocrx_word' id='word_1_328' title='bbox 2924 4339 2998 4414; x_wconf 80' lang='lat'>8&lt;</span> <span class='ocrx_word' id='word_1_329' title='bbox 3047 4358 3161 4416; x_wconf 87' lang='lat' dir='ltr'>re·</span> <span class='ocrx_word' id='word_1_330' title='bbox 3297 4381 3312 4390; x_wconf 26' lang='grc' dir='ltr'>ἣ</span> 
     </span>
    </p>
   </div>
   <div class='ocr_carea' id='block_1_8' title="bbox 452 4440 3158 4642">
    <p class='ocr_par' dir='ltr' id='par_1_11' title="bbox 452 4440 3158 4642">
     <span class='ocr_line' id='line_1_40' title="bbox 452 4440 3158 4548; baseline -0.002 -25"><span class='ocrx_word' id='word_1_331' title='bbox 452 4495 508 4544; x_wconf 77' lang='lat'>‚‚</span> <span class='ocrx_word' id='word_1_332' title='bbox 557 4445 1040 4548; x_wconf 85' lang='lat' dir='ltr'>quifitionem</span> <span class='ocrx_word' id='word_1_333' title='bbox 1098 4444 1365 4525; x_wconf 70' lang='lat' dir='ltr'>fae&#39;tam</span> <span class='ocrx_word' id='word_1_334' title='bbox 1417 4473 1550 4547; x_wconf 90' lang='lat' dir='ltr'>per</span> <span class='ocrx_word' id='word_1_335' title='bbox 1589 4445 2328 4527; x_wconf 83' lang='lat' dir='ltr'>Reverendiffimum</span> <span class='ocrx_word' id='word_1_336' title='bbox 2377 4444 2463 4523; x_wconf 90' lang='lat' dir='ltr'>in</span> <span class='ocrx_word' id='word_1_337' title='bbox 2502 4440 2812 4526; x_wconf 87' lang='lat' dir='ltr'>Christo</span> <span class='ocrx_word' id='word_1_338' title='bbox 2856 4440 3158 4517; x_wconf 85' lang='lat' dir='ltr'>Patrem</span> 
     </span>
     <span class='ocr_line' id='line_1_41' title="bbox 642 4538 3052 4642; baseline -0.005 -16"><span class='ocrx_word' id='word_1_339' title='bbox 642 4556 856 4630; x_wconf 73' lang='lat' dir='ltr'>Tem.</span> <span class='ocrx_word' id='word_1_340' title='bbox 897 4555 1038 4626; x_wconf 92' lang='lat' dir='ltr'>III.</span> <span class='ocrx_word' id='word_1_341' title='bbox 1733 4595 1746 4608; x_wconf 89' lang='lat'><strong>·</strong></span> <span class='ocrx_word' id='word_1_342' title='bbox 2085 4546 2170 4642; x_wconf 86' lang='lat' dir='ltr'>D</span> <span class='ocrx_word' id='word_1_343' title='bbox 2767 4538 2842 4616; x_wconf 76' lang='lat'>8&lt;</span> <span class='ocrx_word' id='word_1_344' title='bbox 2894 4539 3052 4616; x_wconf 90' lang='lat' dir='ltr'>Do-</span> 
     </span>
    </p>
   </div>
  </div>
 </body>
</html>
