3934 5359
895 1999 1213 2128 “D'E
1372 2015 2627 2130 ECCLIESA

312 2169 1156 2487 SANCTt
1258 2216 2087 2420 JACOBI
2178 2194 3207 2424 MAJORIS

684 2516 1579 2629 APOSTQL1‚
1649 2519 1831 2604 DE
1902 2515 2838 2605 RIVOALTO.

363 2755 374 2767 ⁹
417 2774 856 3170 SUB
905 2771 1060 2876 ipsa
1112 2773 1347 2856 ferme
1420 2776 1564 2856 suae
1616 2774 2083 2855 fundationis
2155 2776 2462 2856 exordia
2511 2778 2714 2858 Urbs
2769 2773 3128 2855 Venetia-

725 2902 896 2956 rum
950 2879 1208 2958 Deum
1263 2878 1400 2957 fibi
1451 2877 1866 2980 propitium
1919 2877 2274 2979 agnovit,
2323 2879 2448 2958 cui
2502 2879 2577 2958 8<
2628 2876 2932 2979 angusta
2985 2877 3130 2955 ori·

726 2978 924 3080 ginis
976 2978 1386 3080 primordia
1422 3035 1449 3078 ‚
1522 2980 1597 3059 8<
1648 2979 2084 3059 admiranda
2137 2979 2612 3080 postmodum
2664 2981 3135 3060 incrementa

724 3080 950 3160 refert
1004 3103 1350 3184 accepta.
1405 3077 1663 3162 Attila
1713 3081 1923 3161 enim
1958 3089 2345 3159 Unnorum
2368 3089 2633 3181 Rege‚.
2663 3083 2767 3160 ait
2820 3079 3136 3158 Dandu-

721 3184 837 3261 lus
856 3183 940 3260 in
961 3183 1362 3262 Chronico
1414 3184 1547 3263 lib.
1570 3210 1643 3262 v.
1698 3208 1852 3285 cap.
1889 3212 1947 3261 1.
2001 3206 2184 3284 part.
2209 3209 2280 3260 x.
2323 3181 2704 3263 Venetiam
2730 3178 3137 3259 invadente

413 3338 475 3382 „
528 3282 946 3380 Primam,
996 3285 1071 3364 8<
1117 3285 1385 3386 Populi
1423 3286 1758 3364 Urbium
1805 3285 2150 3363 Venetiae
2203 3307 2297 3362 ex
2341 3286 2836 3363 Barbarorum
2884 3282 3135 3396 inem:-

420 3437 482 3482 ‚‚
537 3381 624 3460 su
676 3385 1089 3483 plurimum
1146 3385 1514 3464 exinaniti
1558 3441 1584 3482 ‚
1631 3387 1708 3463 8<
1760 3384 2112 3462 instantes
2165 3385 2585 3464 invafiones
2656 3382 2858 3460 avidi
2913 3381 3152 3477 decla

422 3538 483 3583 ‚‚
541 3508 768 3579 nare‚·
822 3486 1236 3567 maritimas
1288 3485 1669 3566 Civitates
1710 3540 1736 3581 ‚
1792 3485 1864 3561 8<
1915 3485 2388 3586 receptacula
2436 3483 2709 3589 refugii
2765 3481 3140 3597 construe-

421 3641 481 3684 „
535 3611 621 3662 re
674 3586 1169 3665 decreverunt
1214 3646 1232 3664 .
1310 3589 1567 3667 Primo
1622 3611 1946 3687 namque
2002 3587 2394 3666 Gallianus
2446 3587 2538 3665 de
2593 3587 2979 3678 Fontana‚
3034 3583 3145 3662 St-

420 3743 482 3786 „
540 3712 769 3766 meon
826 3686 915 3765 de
940 3689 1508 3787 GlauconibuS‚
1558 3689 1634 3768 8<
1686 3686 2067 3767 Antonius
2086 3690 2380 3768 Calvus
2421 3690 2513 3768 de
2535 3685 2911 3766 Limianis
2931 3685 3144 3763 Con-

424 3844 484 3890 „
541 3789 734 3869 sules
791 3788 1081 3868 Patavii
1138 3791 1280 3868 suae
1335 3792 1541 3870 urbis
1578 3843 1604 3885 ‚
1682 3816 1833 3867 non
1887 3789 2375 3868 immemores
2447 3783 2926 3883 invafionis⁸‚
2997 3784 3148 3900 hoc

369 3972 379 3988 ,
426 3945 485 3990 ,‚
543 3893 897 3990 perficere
952 3891 1355 3973 statuentes
1407 3895 1499 3973 ad
1551 3891 1936 3971 maritima
1991 3911 2546 3992 pervenerunt,
2595 3891 2670 3970 8(
2722 3888 2922 3968 circa
2963 3887 3151 3966 ostia

430 4047 492 4088 ‚‚
552 3991 885 4072 fluminis
936 3995 1191 4072 Realti
1250 3995 1580 4073 Insulam
1657 3995 1809 4073 five
1865 3995 2211 4074 tumbam
2285 3993 2377 4070 ad
2450 4018 2640 4093 opus
2695 3991 3152 4069 meditatum

389 4144 496 4188 -.,‚
552 4091 722 4171 satis
776 4094 1111 4172 habilem
1187 4096 1553 4195 eligentes
1625 4124 1829 4177 anno
1880 4095 2209 4175 Domini
2258 4097 2443 4194 421.
2518 4093 2640 4172 die
2697 4120 2816 4194 25.
2878 4087 3154 4168 Martii

435 4246 499 4290 .,‚
558 4191 795 4271 felicis
866 4196 1097 4274 Urbis
1151 4196 1492 4275 Rivoalti
1568 4225 1765 4278 nova
1839 4198 2330 4277 fundamenta
2383 4193 2752 4294 §affluunt
2802 4250 2820 4268 .
2875 4190 3158 4302 Decore·

391 4348 499 4393 .„
560 4312 873 4392 tumque
927 4296 1075 4391 est,
1132 4297 1696 4398 utquieumque
1751 4299 2012 4415 operi,
2065 4299 2188 4376 vel
2243 4295 2609 4375 exercitio
2633 4292 2888 4372 navali
2941 4287 3156 4401 ntilis

440 4452 502 4495 ‚,
561 4394 954 4490 existeret,
1010 4396 1061 4473 fi
1114 4398 1196 4476 in
1254 4397 1394 4476 hac
1420 4400 1629 4478 Urbe
1657 4400 2209 4484 habitationem
2236 4397 2597 4493 eligeret,
2647 4394 3162 4470 immumtan-

436 4553 500 4596 ,‚
561 4499 696 4576 bus
748 4498 1163 4598 gauderet,
1208 4498 1541 4601 exceptis
1596 4499 1824 4593 servis
1875 4498 1950 4576 8<
2005 4495 2485 4598 proditione,
2534 4495 2610 4572 8<
2665 4489 2990 4570 falfitate‘
3031 4487 3160 4566 da-

653 4607 867 4679 Tom.
920 4609 1061 4678 III.
1619 4616 1627 4621 ⁴
2076 4597 2228 4675 Dd
2747 4646 2802 4691 „
2847 4612 3052 4670 mna-
