3934 5359
904 407 1323 491 Saue-m
1390 403 1843 517 Jumam
1912 400 2555 491 Man-rrius.
2797 432 2959 515 319

397 577 620 655 come
645 552 838 635 fuori
881 580 925 631 a
965 554 1444 654 beneplacito
1485 554 1621 649 suo
1662 554 1870 652 juxta
1921 554 1995 633 la
2052 556 2284 635 ferma
2336 553 2897 653 dell’accordo,
2947 554 3092 647 che

403 654 454 732 l’
496 658 592 731 ha
609 653 799 732 fatto
820 680 965 733 con
993 655 1046 733 il
1094 657 1432 754 predetto
1466 657 1743 733 Vener.
1793 655 2130 734 Piovano
2179 659 2255 736 8<
2296 656 2713 758 Capit010‚
2754 655 2827 735 al
2867 650 3097 756 quall’

401 755 722 832 accordo
775 753 827 831 si
879 756 1154 833 habbia
1229 757 1311 834 in
1364 754 1721 834 omnibus
1774 754 2283 835 relatione.el
2357 755 2537 856 poffi
2609 754 2852 855 eriget
2901 752 3104 832 nella

393 854 734 954 predetta
775 853 1026 933 fazada
1091 883 1237 935 una
1276 858 1537 936 Statua
1575 910 1604 952 ‚
1675 881 1910 935 overo
1972 856 2303 958 imagine
2362 859 2488 934 sua
2527 855 2604 933 di
2648 857 2945 934 Bronzo
2982 879 3099 931 ca·

396 974 573 1032 vata
614 953 734 1035 dal
776 955 1006 1053 vivo,
1058 955 1373 1037 formata
1425 983 1468 1034 a
1519 956 1718 1058 spese
1770 957 1897 1033 sue
1945 958 2145 1036 oltra
2186 957 2242 1037 li
2284 953 2909 1059 predettiDucati
2932 951 3105 1030 mil-

394 1052 471 1131 le
518 1076 672 1133 con
725 1055 796 1133 le
848 1056 973 1135 sue
1018 1062 1298 1155 Arme,
1350 1058 1423 1137 8<
1478 1056 1870 1137 iscrizione
1915 1057 2375 1137 condecente
2416 1058 2564 1137 alle
2605 1054 3013 1137 condizion
3054 1060 3097 1131 e'

390 1153 681 1252 qualita
732 1156 905 1248 sue3
959 1161 1028 1235 la
1066 1160 1240 1259 qual
1285 1158 1668 1259 imagine,
1720 1161 2005 1251 Arme,
2057 1158 2131 1235 8<
2171 1157 2569 1237 iscrizione
2624 1157 2962 1236 habbino
3005 1153 3100 1231 ad

393 1254 618 1332 effere
675 1254 752 1334 in
809 1282 1169 1360 perpetuo
1221 1260 1655 1337 conservate
1698 1313 1726 1353 ‚
1798 1283 1893 1334 ne
1937 1258 2134 1335 dalla
2176 1259 2514 1358 predetta
2553 1255 2811 1335 fazada
2863 1254 2944 1334 in
2998 1252 3101 1331 al-

390 1375 545 1432 cun
600 1356 814 1455 caso,
864 1385 1044 1437 over
1096 1382 1373 1438 evento
1427 1358 1713 1459 poffino
1768 1383 1897 1458 per
1947 1359 2227 1437 alcuno
2280 1358 2500 1435 essere
2555 1356 2850 1434 rimosse
2892 1409 2919 1447 ,
2974 1377 3099 1430 ma

391 1453 674 1533 restino
725 1482 768 1533 a
821 1481 1172 1560 perpetua
1222 1462 1349 1537 sua
1403 1458 1770 1539 memoria
1817 1485 1968 1537 con
2024 1462 2230 1537 buon
2282 1457 2633 1556 effempio
2685 1455 2817 1533 alli
2865 1451 3105 1533 Poste·

385 1553 505 1649 ri,
559 1555 636 1634 8<
688 1557 886 1636 dalla
940 1560 1196 1675 virtu3
1244 1587 1285 1638 e
1339 1560 1535 1637 dalle
1590 1563 1843 1638 buone
1892 1558 2300 1660 operazion
2339 1614 2372 1656 ‚
2421 1558 2565 1637 che
2621 1556 2698 1634 di
2752 1553 2865 1635 lui
2916 1554 3102 1639 sono

389 1653 577 1734 state
634 1654 779 1734 fate
833 1658 1071 1759 degne
1124 1660 1202 1738 dt
1253 1658 1893 1738 comendazione.
2276 1728 2283 1737 .

493 1756 814 1857 Templi
868 1758 1176 1837 lacunar
1229 1786 1367 1839 aere
1419 1762 1723 1861 proprio
1777 1759 2205 1838 faciendum
2244 1813 2275 1854 ‚
2318 1758 2395 1837 &
2449 1755 2957 1837 decorandum
2988 1776 3105 1867 ’ex

391 1854 852 1935 testamento
903 1861 1292 1938 mandavit
1331 1863 1853 1960 Hieronymus
1897 1860 2229 1960 Vignola
2271 1858 2569 1959 Eques,
2614 1857 2748 1958 qui
2807 1875 2895 1968 ut
2940 1879 3105 1951 ejus

385 1959 818 2139 eubertuale
872 1958 1208 2061 elogium
1264 1960 1571 2040 testatur
1622 1962 1952 2062 plurima
1994 1960 2175 2040 huic
2212 1958 2563 2039 Ecclefiae
2605 1954 2937 2037 contuht
2980 1954 3103 2033 be-

375 2082 484 2136 ·ne
545 2082 710 2136 cta:
2812 2110 2819 2119 ,

483 2212 540 2255 ‚‚
602 2158 1085 2259 Hieronymo
1135 2161 1487 2262 Vignolae
1559 2161 1630 2239 E
1686 2161 1826 2240 uiti
1873 2144 2212 2262 ‘Egoegio
2284 2150 2679 2260 Huj‘usque
2751 2148 3103 2235 Ecclefiae

379 2311 439 2356 ‚,
493 2260 714 2336 Proc.
743 2259 1100 2341 Meritiss.
1147 2263 1309 2360 Qui
1339 2189 1811 2341 Praetersstlia
1839 2262 2143 2357 Multa,
2197 2264 2392 2363 Quae
2419 2260 2707 2339 Vivens
2752 2259 2843 2336 In
2882 2255 3107 2333 Hanc

387 2412 445 2454 ‚‚
497 2356 780 2436 AEdem
821 2360 1182 2439 Contulit
1227 2361 1607 2440 Beneficia
1644 2416 1671 2456 ‚
1747 2361 2093 2440 Moriens
2135 2363 2393 2440 Etiam
2447 2360 2566 2437 Ex
2612 2356 3106 2438 Testamento

387 2510 447 2555 ‚‚
498 2457 1075 2540 Anniversarias
1097 2460 1528 2562 Exequias,
1578 2460 2319 2561 Manfionariamque
2346 2459 2721 2556 Instituit,
2758 2456 3107 2537 Praedica-

387 2612 446 2658 ‚‚
500 2558 706 2652 tori,
760 2560 1134 2657 ClericiS,
1186 2564 1602 2664 Sepulturae
1643 2616 1671 2661 ‚
1742 2561 1815 2640 8<
1862 2560 2317 2662 Pauperibus
2352 2562 2719 2660 Legatum
2769 2558 3109 2637 Perenne

385 2712 448 2756 ‚,
499 2659 850 2760 Reliquit
886 2716 916 2757 ‚
984 2664 1471 2764 Lacunarque
1515 2661 1833 2762 Templi
1885 2663 2062 2743 AEre
2118 2660 2431 2762 Proprio
2486 2658 2949 2739 Faciendum
3000 2656 3109 2732 Et

387 2811 446 2857 „
500 2760 1046 2841 Decorandum
1093 2763 1537 2844 Mandavit.
1592 2764 1815 2843 Obiit
1863 2765 2015 2845 Die
2063 2785 2220 2842 xxt.
2262 2761 2621 2843 octobris
2667 2759 3105 2839 Mntxxxv.

495 2858 1123 2943 Consecrationis
1175 2863 1627 2945 memoriam
1681 2863 1904 2944 refert
1958 2864 2253 2965 lapidea
2304 2860 2710 2965 epigraphe
2783 2858 2877 2936 ad
2917 2856 3102 2936 dex-

398 2979 657 3041 terum
683 2961 953 3042 Sacelli
999 2964 1358 3071 principis
1394 2967 1591 3053 latus
1634 2965 1877 3045 aureis
1918 2962 2417 3046 caracteribus
2458 2961 2899 3063 conspicua:

386 3114 452 3159 .„
609 3060 784 3143 Hoc
828 3066 1028 3144 Tem
1087 3066 1248 3145 lum
1307 3068 1741 3147 dedicatum
1806 3066 1949 3144 fuit
1992 3088 2172 3145 v111.
2238 3067 2346 3146 ld.
2405 3062 2592 3166 Julii
2653 3062 2834 3141 Mo.
2879 3079 3102 3143 Lxxx-

391 3214 452 3257 ,‚
504 3165 621 3273 A..
646 3164 738 3240 R.
761 3165 854 3241 R.
903 3166 1010 3241 D.·
1110 3224 1127 3243 .
1168 3167 1376 3266 Julio
1415 3167 1836 3268 Superchio
1877 3168 2387 3267 Caprularum
2430 3164 2703 3267 Episco
2762 3187 2850 3239 o:
2973 3258 2989 3275 .
3037 3238 3075 3273 α,

500 3260 796 3338 Divina
838 3263 1182 3343 Misteria
1232 3268 1316 3344 in
1359 3267 1690 3346 Ecclesia
1743 3269 1884 3345 hac
1994 3270 2167 3367 sque
2230 3269 2323 3346 ad
2368 3265 2617 3345 saeculi
2738 3263 2830 3338 V.
2886 3259 3108 3337 initia

399 3358 610 3437 solus
666 3360 1060 3443 Plebanus‘
1101 3390 1231 3467 per
1329 3364 1436 3461 ‘t,
1486 3367 1700 3466 cujus
1751 3294 2002 3445 saectrii
2053 3390 2256 3446 anno
2303 3393 2375 3445 v.
2449 3367 2532 3442 in
2586 3361 3111 3470 Collegiatam

387 3457 679 3555 evasit,
727 3464 1214 3561 permittente
1297 3466 1630 3567 tquidcm
1681 3467 2142 3547 Innocentio
2196 3470 2391 3568 Papa
2447 3466 2623 3545 VII.
2682 3455 2785 3539 ad
2829 3466 3111 3571 Dtvmff

390 3552 633 3638 cultus
686 3587 1162 3661 augmentum
1212 3588 1537 3668 quatuor
1603 3566 2159 3669 presbyterales
2233 3565 2445 3647 tituli
2499 3565 2581 3642 in
2634 3588 2720 3640 ea
2775 3557 3105 3638 instituti

389 3656 744 3773 fuerunt.
799 3664 924 3742 Ad
965 3665 1458 3749 Sacerdotum
1507 3694 1690 3748 vero
1741 3668 2190 3748 alimoniam
2244 3668 2527 3749 reditus
2576 3662 2799 3766 ipsius
2851 3659 3113 3740 Eccle-

384 3758 512 3841 fiae
566 3787 647 3839 m
687 3758 871 3843 duas
907 3762 1216 3864 aequales
1246 3764 1609 3865 portiones
1650 3767 1893 3849 dividi
1943 3768 2297 3850 concessit
2342 3763 2885 3861 innocentius,
2928 3785 3113 3864 qua·

391 3888 572 3978 rum
625 3890 775 3944 una
825 3866 911 3945 in
965 3869 1409 3949 benefitium
1446 3866 1791 3951 Recloris
1827 3926 1856 3967 ‚
1925 3870 2055 3951 seu
2106 3870 2421 3952 Plebani
2472 3867 2823 3960 cederet,
2872 3863 3110 3941 altera

390 3981 602 4076 inter
652 3964 1034 4049 institutos
1057 3971 1542 4073 Presbyteros
1579 3969 1801 4072 aquis
1819 3968 2281 4053 Portiom'bus·
2318 3970 2827 4051 divideretur.
2878 3965 3107 4076 Fran-

395 4062 604 4142 ctsco
643 4062 937 4148 Bembo
978 4071 1166 4150 datae
1218 4071 1522 4152 fuerunt
1567 4070 2017 4176 Apostolicae
2058 4070 2415 4181 Epistolae
2464 4098 2667 4153 anno
2718 4092 2931 4170 1405·
2985 4062 3169 4167 dle„

392 4168 470 4240 8.
564 4162 728 4241 unii
766 4219 794 4261 ‚
843 4169 1054 4270 queis
1109 4170 1371 4273 juffum
1423 4171 1530 4250 est
1559 4226 1590 4267 ‚
1640 4195 1722 4253 ut
1773 4174 2074 4254 cedente
2110 4231 2141 4273 ‚
2191 4169 2326 4254 vel
2368 4170 2768 4255 decedente
2804 4160 3106 4243 ReHore
3260 4203 3273 4215 ·

387 4259 477 4361 ip
507 4276 616 4340 tus
652 4265 982 4367 Ecclefiae
1020 4326 1050 4369 ‚
1096 4264 1230 4349 vel
1278 4270 1522 4373 {psam
1554 4268 1953 4377 Ecclesiam
2008 4269 2200 4356 alias
2252 4269 2794 4376 quomodolibet
2849 4257 3104 4343 dimit·

398 4385 610 4444 teme
657 4368 1046 4549 laudabile
1088 4397 1276 4476 opus
1324 4372 1804 4477 perficetetur
1851 4376 1884 4473 (
1899 4374 2071 4471 A).
2149 4420 2156 4439 ι
2706 4460 3011 4544 Festum
