3934 5359
1100 368 1529 454 SANcrt
1593 360 2191 450 Sttvsssrnt
2253 369 2578 450 Palm..
2947 390 3052 473 41
3187 471 3194 480 ,

1060 497 1067 506 ’
3100 543 3108 550 .
3195 505 3210 548 t

548 675 557 680 ·
623 573 938 758 Series
1018 614 1698 727 Plebanorum
1784 617 2243 780 Ecuclefiae
2327 623 2421 725 S.
2504 615 2964 728 Silvestri
3003 696 3030 722 .

474 816 698 912 '1068‘
754 819 1030 900 Vitalis
1056 819 1442 900 Mor-arius
1472 875 1500 919 ‚
1528 820 1621 901 de
1661 819 1872 917 cujus
1911 818 2282 900 elestione
2326 821 2654 921 superius
2696 821 2983 902 di6'cum
3027 821 3173 902 est.

482 943 692 1020 1097.
745 921 1143 1002 Eustadius
1193 920 1661 1002 Coronarius
1713 920 2113 1018 Clericus,
2161 921 2242 1000 δε
2289 923 2658 1002 Plebanus
2699 923 3049 1003 Ecclefiae
3103 926 3174 1004 S.

878 1022 1257 1104 Silvestri.
1312 1025 1428 1101 Ita
1479 1022 1563 1101 in
1602 1021 1895 1099 duobus
1948 1021 2458 1104 instrumentis
2502 1045 3022 1124 nuncupatum
3066 1025 3180 1104 in-

879 1123 1110 1202 venio
1162 1151 1368 1223 1097.
1420 1122 1674 1202 mense
1726 1122 2063 1221 Ianuarii
2116 1122 2472 1208 confeffls
2510 1180 2539 1222 ‚
2588 1124 2861 1227 quibus
2911 1118 3178 1205 Vitalis

879 1219 1153 1302 Vitturi
1170 1277 1197 1319 ‚
1237 1222 1336 1301 &⁶
1356 1215 1775 1322 Arnulphus
1789 1215 2150 1302 Berardus
2168 1231 2236 1301 F
2231 1222 2585 1302 ranciena
2626 1227 2897 1304 libram
2943 1252 3176 1305 unam

873 1324 1029 1405 olei
1080 1322 1427 1404 Ecclefiae
1479 1326 1550 1403 S.
1604 1322 1939 1402 Silvestri
1993 1321 2077 1402 in
2127 1323 2350 1423 ipsius
2393 1324 2645 1419 Sanffi
2694 1326 3176 1407 solemnitate

873 1426 948 1504 se
1000 1450 1139 1526 pro
1191 1433 1404 1504 ter'rae
1455 1426 1686 1505 censu
1736 1425 2110 1504 soluturos
2161 1422 2321 1502 fore
2375 1425 2875 1525 promittunt.

570 1576 626 1621 „
677 1525 772 1607 In
825 1527 1143 1608 nornine
1197 1526 1526 1605 Domini
1568 1525 1721 1604 Dei
1774 1525 1848 1604 8<
1889 1524 2298 1605 Salvatoris
2341 1525 2599 1606 Nostri
2644 1527 2818 1630 Jesu
2839 1526 3128 1606 Christi
3153 1586 3174 1606 .

769 1681 825 1726 ‚,
875 1631 1112 1707 Anno
1186 1629 1283 1706 ab
1359 1626 1888 1707 Incarnatione
1961 1626 2295 1723 ejusdem
2367 1627 2862 1728 redemptoris
2936 1627 3170 1706 nostri

769 1781 825 1825 „
875 1726 1278 1807 millefimo
1321 1726 1806 1829 nonagesimo
1845 1726 2168 1828 septimo
2189 1728 2444 1808 mense
2465 1728 3176 1828 Januariilndistio-

768 1879 824 1925 „
876 1851 971 1905 ne
1021 1829 1223 1907 sexta
1268 1827 1649 1909 Rivoalti.
1705 1827 1874 1906 Post
1925 1827 2313 1908 caucionis
2364 1828 2438 1907 8<
2478 1828 2896 1909 securitatis
2936 1851 3180 1908 cartu-

766 1982 824 2027 „
875 1929 983 2009 las
1032 1954 1213 2030 quas
1252 1928 1714 2008 Dominicus
1764 1929 2107 2012 curtulus
2160 1928 2362 2010 filius
2403 1929 2783 2031 quondam
2807 1927 3175 2030 Iohannis

762 2084 818 2127 „
867 2032 1153 2109 curtuli
1205 2029 1404 2132 mihi
1456 2029 1637 2111 fecit
1689 2030 1782 2109 de
1834 2056 1986 2112 una
2038 2029 2248 2130 pecia
2300 2031 2396 2112 de
2447 2051 2640 2111 terra
2690 2032 2783 2110 de
2835 2029 3030 2109 infra
3052 2031 3179 2108 sua

757 2183 817 2228 2,
866 2130 1140 2229 vinea,
1188 2132 1265 2211 8<
1314 2152 1490 2212 ortu
1543 2132 1693 2210 lata
1747 2131 1965 2233 pedes
2009 2130 2322 2231 triginta
2361 2130 2545 2211 ficut
2597 2132 2681 2210 in
2720 2130 2828 2210 eis
2863 2130 3177 2231 legitur.

755 2284 818 2330 „
881 2232 1343 2313 Promittens
1447 2231 1766 2313 romitto
1839 2244 1984 2334 ego
2036 2231 2345 2334 quidem
2400 2232 2685 2312 Vitalis
2739 2231 3032 2312 Vitturi
3085 2234 3178 2311 de

756 2386 817 2431 „
867 2333 1333 2413 confinio-S.
1490 2333 1645 2414 arie
1697 2334 2057 2413 Formose
2111 2360 2290 2413 curn
2346 2333 2536 2413 meis
2593 2332 2992 2415 heredibus
3033 2330 3180 2411 tibi

754 2486 810 2529 ‚‚
863 2433 1193 2512 eustadio
1247 2433 1646 2514 coronario
1698 2434 1981 2514 clerico
2033 2435 2367 2538 Plebano
2426 2433 2758 2514 Ecclefie
2822 2434 2892 2512 S.
2937 2432 3171 2512 Silve-

751 2585 810 2629 ‚‚
862 2531 1038 2631 stri,
1088 2534 1163 2620 8<
1214 2535 1365 2614 tuis
1416 2535 1994 2631 succefforibuS‚
2047 2555 2132 2613 ut
2184 2535 2459 2618 amodo
2512 2535 2594 2614 in
2644 2555 2866 2613 antea
2906 2558 3174 2711 gerge-

753 2686 812 2729 ‚‚
862 2634 1014 2712 tuis
1068 2634 1580 2734 temporibus,
1631 2635 1845 2714 omni
1901 2659 1994 2716 ue
2047 2660 2250 2712 anno
2319 2635 2401 2712 in
2452 2633 2852 2714 festivitate
2959 2691 2976 2709 .
3084 2633 3172 2712 il-

762 2785 822 2829 „
872 2734 1102 2812 vestri
1154 2734 1371 2813 vobis
1422 2733 1499 2812 8<
1551 2732 1809 2813 vestris
1896 2731 2392 2813 uccess'oribus
2446 2757 2581 2833 pro
2633 2733 2780 2830 jam
2804 2731 2998 2810 dieta
3050 2757 3171 2911 fe·
3247 2775 3254 2780 ·

712 2863 819 2932 Q,
867 2832 985 2912 cia
1036 2835 1130 2913 de
1182 2854 1422 2930 terra,
1474 2858 1701 2933 quam
1754 2833 2282 2934 suprascriptus
2324 2832 2786 2924 Dominicus
2825 2854 3045 2913 cuttu
3083 2859 3172 2915 us

751 2988 811 3033 „
861 2934 1059 3012 mihi
1103 2935 1355 3011 datam
1406 2934 1631 3011 habet
1676 2934 1768 3012 de
1812 2932 2003 3012 infra
2046 2934 2173 3011 sua
2215 2932 2439 3012 vinea
2491 2934 2567 3014 δε
2617 2953 2794 3012 ortu
2852 2934 3164 3014 censum

752 3088 808 3131 ‚‚
859 3035 1032 3115 dare
1087 3034 1454 3134 promitto
1505 3032 1781 3111 libram
1841 3034 1994 3111 olei
2043 3034 2329 3131 unam',
2380 3035 2455 3113 8<
2503 3035 2808 3136 quando
2847 3033 2999 3134 ipsa
3043 3059 3167 3135 pe-

752 3188 812 3232 „
861 3135 981 3212 cia
1033 3136 1123 3212 de
1179 3157 1372 3213 terra
1398 3136 1825 3214 venundata
1879 3133 2106 3216 fuerit
2148 3135 2614 3238 quintellum
2658 3136 2740 3215 in
2787 3135 3167 3236 suprascri-

750 3289 810 3333 .„
862 3256 990 3335 pta
1044 3236 1280 3314 vestra
1302 3234 1634 3315 Ecclesia
1678 3236 2096 3334 persolvere
2151 3237 2518 3337 promitto
2571 3237 2946 3338 perpetuis
2981 3255 3168 3316 tem-

751 3389 811 3432 „
856 3337 1060 3436 poris
1133 3337 1207 3414 8<
1259 3335 1525 3430 vobis,
1576 3336 1651 3414 8<
1703 3336 2234 3416 successoribus
2306 3335 2618 3434 vestris,
2667 3358 2926 3416 tamen
2979 3361 3163 3417 vero

751 3487 811 3530 ,‚
860 3437 1066 3514 salvo
1136 3439 1360 3515 censo
1413 3436 1905 3538 suprascripto
1981 3437 2053 3518 8<
2105 3438 2481 3537 quintello
2534 3436 2868 3538 predifi'to
2920 3437 2999 3514 in
3056 3438 3167 3515 su-

752 3588 810 3633 „
861 3536 1258 3637 prascripta
1310 3535 1641 3615 Ecclesia
1706 3537 1786 3616 ¹&
1843 3538 2060 3617 vobis
2102 3591 2128 3634 ‚
2179 3538 2253 3617 8<
2306 3537 2833 3639 successoribus
2904 3534 3165 3617 vestris

750 3689 808 3733 „
859 3636 1217 3715 omnibus
1290 3638 1647 3718 rofuturis
1671 3638 2183 3738 temporibus,
2235 3638 2310 3717 8<
2353 3637 2404 3716 fi
2447 3638 2660 3717 omni
2682 3664 2994 3752 quoque*
3038 3663 3167 3716 an-

748 3791 807 3835 „
860 3762 963 3817 no
1015 3737 1096 3815 in
1149 3736 1217 3814 se
1284 3737 1548 3819 ivitate
1592 3737 1841 3817 Sanffl
1882 3738 2217 3818 Silvestri
2275 3739 2490 3817 vobis
2541 3738 2615 3816 8<
2655 3759 2924 3817 ceteris
2969 3737 3234 3836 vica-‚-

748 3891 806 3935 „
856 3837 987 3916 riis
1029 3836 1354 3938 prediae
1407 3838 1712 3918 ecclesie
1767 3864 1999 3918 unam
2054 3838 2324 3916 libram
2381 3836 2531 3916 olei
2590 3864 2748 3916 non
2793 3838 3160 3940 persolve·

748 3989 806 4036 „
855 3938 1095 4018 rimus
1131 3994 1160 4036 ‚
1214 3961 1394 4019 tunc
1448 3939 1533 4018 in
1585 3940 1817 4041 d-uplo
1870 3940 2086 4018 illam
2137 3963 2269 4038 per
2322 3964 2562 4016 unum
2611 3961 2993 4039 quemque
3032 3964 3160 4017 an-

746 4092 808 4136 „
834 4064 1045 4117 num
1084 4065 1238 4141 quo
1295 4038 1801 4140 prevaricatus
1855 4038 2068 4118 fuero
2115 4040 2293 4117 dare
2343 4038 2751 4139 promitto·
2826 4039 3062 4139 Quod
3111 4038 3166 4116 fi

614 4223 627 4230 ,
746 4171 821 4237 ,‚·
857 4165 1017 4219 non
1065 4142 1563 4218 observavero
1614 4140 1875 4218 omnia
1918 4140 2104 4219 ficut
2145 4141 2225 4217 su
2282 4139 2480 4220 erius
2524 4139 2851 4239 legitur,
2901 4140 3154 4238 &pre-

726 4289 805 4335 -.,‚
859 4240 1229 4320 varicatus
1282 4239 1460 4318 inde
1514 4239 1871 4320 inventus
1922 4240 2138 4319 fuero
2337 4238 2564 4318 fuerit
2616 4241 2816 4319 clare
2869 4237 3150 4349 saecum

746 4393 801 4434 „
853 4363 1307 4439 componere
1328 4340 1695 4440 promitto
1737 4365 1913 4423 curn
1959 4339 2150 4423 meis
2189 4339 2597 4424 heredibus
2648 4339 2842 4433 tibi,
2892 4336 2965 4412 8<
2996 4355 3146 4417 tuls

636 4447 849 4522 TDm·
902 4446 1044 4520 III·
2209 4440 2274 4517 F
2796 4486 2852 4534 ‚5
2900 4434 3056 4517 suc·
