3934 5359
851 397 1288 481 Siue-rs
1351 395 1737 477 Mamm
1823 420 1872 476 A
1937 390 2505 481 Franci-u.
2752 401 2908 482 281

332 548 487 629 vit.
540 549 655 628 Eo
707 547 956 648 itaque
1011 571 1212 623 anno
1262 541 1774 642 supralaudata
1821 542 2071 622 Maria
2116 543 2566 624 Innocentia
2619 544 2868 624 secum
2923 547 3022 625 as-

323 650 637 750 sumptis
685 648 936 727 Maria
976 645 1230 723 Felice
1274 641 1602 721 Zerbina
1644 696 1669 737 ‚
1722 662 1945 742 atque
1992 645 2241 722 Maria
2281 646 2565 744 Joanna
2609 645 2699 725 de
2743 648 3022 726 Clava-

329 751 514 829 rolis
540 746 983 827 Monasterii
1008 741 1475 827 Burianensts
1498 739 2210 823 Sanetimonialibus
2252 745 2596 825 universa
2647 746 2880 825 ferme
2922 748 3021 826 ci-

329 848 566 928 vitate
587 850 678 927 ad
701 848 806 927 rei
835 845 1252 925 novitatem
1279 844 1675 945 plaudente
1694 898 1720 937 ,
1741 843 2287 925 Monasterium
2312 847 2379 924 S.
2408 846 2675 926 Mariae
2697 849 2789 945 de
2814 848 3025 927 Plan-

317 948 457 1049 ¹<stu
513 949 1037 1049 ingrediuntur
1077 1001 1104 1043 ,
1158 946 1241 1023 in
1291 971 1442 1046 quo
1496 942 1936 1022 admirabile
1990 943 2167 1024 vitae
2218 972 2503 1046 genus,
2552 950 2755 1048 quod
2798 949 3025 1028 Mon-

329 1049 433 1153 tis
458 1047 1128 1127 SenariiEremitae
1173 1047 1659 1147 profitentur,
1693 1040 2216 1125 instituerunt.
2273 1047 2394 1125 Ad
2419 1048 2807 1148 religionis
2850 1049 3027 1128 inde

321 1150 786 1229 consortium
813 1149 1191 1229 saeculares
1212 1144 1567 1245 Virgines
1589 1145 2110 1245 susceperunt,
2150 1172 2331 1247 quas
2383 1147 2458 1225 8<
2510 1149 2907 1250 exemplo,
2949 1152 3023 1229 8<

315 1250 981 1349 adhortationibus
1034 1248 1139 1327 ita
1191 1246 1273 1326 in
1326 1243 1836 1325 sanaimoniae
1889 1246 2153 1349 spiritu
2188 1248 2741 1346 accenderunt,
2795 1271 2879 1329 ut
2930 1250 3025 1330 iis

321 1349 660 1430 claustris
723 1351 1200 1454 Angelorum
1272 1347 1547 1427 chorus
1621 1345 1906 1425 includi
1982 1346 2432 1442 videretur3
2508 1370 2732 1451 atque
2787 1374 2881 1429 ex
2934 1349 3026 1431 iis
3082 1439 3099 1443 ,
3169 1383 3179 1393 ·

379 1449 900 1552 uamplurimae
954 1451 1054 1529 ob
1111 1450 1284 1529 vitae
1334 1446 1842 1525 austeritatem
1884 1501 1911 1543 ,
1966 1470 2191 1549 atque
2246 1450 2596 1550 diligenti
2652 1450 3027 1530 virtutum

311 1476 564 1633 fludio
617 1578 658 1629 a
700 1550 1048 1631 Domino
1100 1547 1418 1631 coelestis
1468 1547 1722 1649 gratiae
1774 1546 2351 1630 charismatibus
2404 1552 2655 1629 ditatae
2706 1551 3025 1648 fuerint.

316 1654 532 1731 Inter
589 1666 710 1747 e‘as
762 1651 1140 1753 praecipuo
1188 1648 1633 1735 celebranda
1686 1648 1900 1728 venit
1955 1653 2310 1729 encomio
2358 1651 2611 1730 Maria
2655 1654 3029 1753 Angelica

315 1750 848 1831 Consortinari
900 1752 1230 1851 ejusdem
1260 1748 1702 1830 Monasterii
1757 1750 2094 1851 regulam
2155 1749 2457 1850 professa
2511 1752 2631 1830 die
2670 1776 2860 1831 xxu.
2904 1756 3030 1853 Ju-

307 1852 403 1931 lii
459 1879 665 1932 anno
698 1859 902 1954 1663.
946 1852 1154 1951 cujus
1199 1852 1438 1933 vitam
1480 1850 1939 1947 virtutibus,
1986 1852 2065 1931 8<
2108 1850 2468 1953 prodigiis
2487 1853 3029 1933 ornatissimam

313 1953 663 2054 superius
717 1953 1014 2035 laudata
1065 1955 1320 2034 Maria
1365 1952 1810 2034 Innocentia
1853 1954 2302 2032 Contarena
2353 1975 2577 2054 prout
2629 1954 2779 2055 ipsa
2832 1954 3026 2035 vidit

304 2055 591 2134 Italico
642 2055 982 2135 sermone
1034 2055 1478 2152 contexuit,
1527 2075 1751 2156 atque
1804 2053 1887 2133 in
1938 2054 2267 2134 latinum
2313 2054 2743 2134 translatam
2792 2050 3025 2134 Placi-

303 2154 442 2235 dus
465 2155 722 2235 Maria
747 2155 1300 2237 Bonfrizzerius
1345 2157 1443 2233 T.
1463 2178 1587 2234 111.
1609 2155 2034 2235 Annalium
2059 2155 2370 2235 Ordinis
2392 2182 2463 2256 p.
2488 2164 2652 2257 664.
2674 2155 3025 2235 inseruit.

411 2257 824 2336 Conversa
872 2256 1174 2357 itaque,
1227 2277 1312 2335 ut
1365 2256 1450 2334 fit
1495 2311 1520 2352 ‚
1572 2255 1656 2334 in
1709 2282 1997 2337 novum
2056 2255 2606 2336 Monasterium
2662 2257 3024 2337 universae

308 2357 658 2439 civitatis
710 2357 1264 2451 admiratione,
1308 2381 1483 2434 cum
1540 2355 1621 2432 in
1675 2356 1863 2436 illud
1917 2357 2215 2436 admitti
2269 2359 2748 2458 quamplures
2791 2357 3022 2438 etiam

309 2456 819 2573 praeclarioris
872 2456 1293 2537 nobilitatis
1344 2455 1703 2555 Virgines
1770 2457 2420 2537 vehementissime
2474 2480 2882 2560 cuperent,
2938 2478 3025 2538 ut

307 2561 647 2659 ipsarum
674 2557 873 2636 votis
925 2558 1352 2654 satisfieret,
1396 2557 1639 2635 visum
1695 2555 1837 2636 fuit
1892 2557 2158 2637 deinde
2213 2558 2567 2638 statutum
2614 2558 3028 2638 Sanffimo-

305 2660 645 2738 nialium
699 2684 1100 2739 numerum
1154 2684 1473 2759 augere,
1525 2676 1747 2760 atque
1800 2658 2137 2739 salutaris
2180 2658 2503 2738 instituti
2553 2657 3034 2739 sanfflitatem

301 2758 384 2838 in
439 2760 866 2839 multarum
913 2760 1326 2840 utilitatem
1369 2763 1813 2841 extendere.
1869 2764 2125 2861 Quem
2152 2783 2405 2839 autem
2428 2758 3026 2839 ardentissimum

303 2861 680 2941 orationis
751 2862 827 2939 8(
878 2861 1127 2940 solidae
1181 2862 1487 2941 virtutis
1560 2860 1902 2963 spiritum
1958 2890 2001 2940 a
2056 2860 2634 2941 Fundatricibus
2756 2859 2845 2939 iae
2902 2861 3019 2939 hae

305 2960 678 3075 Virgines
730 2962 1251 3064 susceperunt,
1287 2962 1410 3047 xita
1464 2964 1757 3063 prorsus
1796 2962 2215 3043 ferventem
2258 2964 2337 3042 in
2360 2961 2542 3041 alias
2567 2981 2676 3040 tra
2758 2987 2805 3041 u
2844 2981 3029 3040 tem·

308 3089 524 3166 poris
549 3064 1024 3145 succedentes
1046 3066 1563 3157 deduxerunt3
1619 3086 1700 3143 ut
1725 3091 1881 3143 non
1905 3064 2388 3144 immeritose
2431 3063 2755 3165 ipsarum
2781 3084 3027 3143 exem-

305 3167 440 3267 plo
496 3158 812 3261 instrui',
864 3167 938 3245 8<
979 3167 1326 3268 precibus
1368 3165 1619 3245 fulciri
1660 3165 1931 3245 civitas
1962 3166 2459 3245 Venetiarum
2504 3162 2859 3244 fateatur.

414 3264 681 3344 Primo
734 3267 962 3367 lapidi
1017 3268 1098 3346 in
1154 3266 1664 3347 fundamentis
1729 3265 2076 3346 Ecclefiae
2121 3294 2323 3347 anno
2376 3273 2585 3365 1647.
2638 3291 2769 3367 per
2808 3266 3029 3366 Joan-

310 3391 503 3447 nem
552 3366 1035 3447 Franciscum
1067 3369 1626 3449 Maurocenum
1649 3366 2163 3446 patriarcham
2208 3366 2443 3467 polito
2486 3364 2859 3463 adjefi’tum
2882 3363 3029 3442 fuit

313 3465 708 3548 numisma
731 3490 1167 3568 argenteum
1197 3471 1546 3571 Deiparae
1587 3493 1757 3547 com
1817 3466 2122 3546 atientis
2166 3466 2500 3568 effigiem
2543 3489 2637 3543 ex
2682 3489 2831 3543 una
2875 3488 3035 3565 par·

319 3589 446 3667 te,
504 3591 598 3647 ex
652 3569 885 3647 altera
941 3596 1123 3648 vero
1181 3573 1336 3652 haec
1390 3572 1622 3651 verba
1662 3596 1744 3648 re
1778 3594 2032 3648 erens:
2478 3594 2485 3601 ·
2558 3628 2567 3635 .

405 3725 470 3767 „
524 3670 871 3771 Deiparae
911 3670 1217 3770 Virgini
1270 3700 1314 3750 a
1368 3670 1682 3751 planetu
1721 3670 2156 3760 Delubrum
2210 3672 2301 3749 ad
2354 3688 2830 3748 mortuorum
2874 3662 3038 3755 ani-

311 3826 366 3871 „
420 3797 584 3852 mas
637 3773 1106 3851 sacerdotum
1153 3772 1413 3852 hostiis
1454 3827 1479 3868 ‚
1533 3771 1945 3872 Virginum
1992 3764 2336 3872 precibus
2375 3770 2775 3873 expiandas
2817 3768 3038 3847 Sena·

311 3927 369 3971 ‚,
425 3893 548 3953 tus
601 3873 870 3970 vovit,
923 3873 1317 3976 primoque
1374 3872 1568 3972 iaeto
1606 3873 1850 3975 lapide
1896 3871 2219 3953 dicavit.
2277 3872 2674 3952 Francisco
2716 3869 3039 3949 Molino

315 4028 374 4073 „
430 3975 705 4071 Duce,
755 3978 1042 4074 Ioanne
1090 3977 1487 4057 Francisco
1532 3976 2013 4055 Mauroceno
2058 3972 2490 4054 Patriarcha
2543 3981 2753 4073 1647.

332 4162 354 4175 .
427 4075 850 4175 Templum
903 4077 1293 4178 oElogonae
1346 4080 1602 4177 figurae
1655 4076 1920 4156 ordine
1972 4076 2399 4159 Corinthio
2466 4076 2749 4176 septem
2804 4071 3034 4150 habet

312 4174 619 4277 lapidea
666 4178 1001 4273 Altaria,
1053 4204 1382 4279 quorum
1424 4179 1689 4257 Prince
1742 4207 1775 4258 s
1828 4203 1922 4259 ex
1974 4178 2298 4260 candido
2351 4200 2727 4255 marmore
2768 4174 3035 4288 Carra-

311 4274 547 4358 riensi
598 4275 993 4357 Christum
1066 4304 1106 4358 e
1160 4279 1414 4361 Cruce
1466 4277 1660 4379 depo
1720 4299 1882 4361 tum
1958 4304 2196 4358 manu
2264 4280 2491 4361 Lucae
2541 4275 2846 4378 Jordam
2919 4268 3036 4345 de-

319 4377 617 4481 pictum
672 4377 1024 4459 exhibet.
1507 4462 1514 4469 ,
2328 4454 2381 4473 ,,
2884 4428 2887 4433 —

540 4487 754 4561 Tom.
806 4484 948 4563 III.
1109 4492 1116 4495 “
1788 4574 1794 4581 ,
1896 4566 1900 4571 ,
1998 4474 2156 4560 Nn
2734 4473 2945 4550 Inter
3015 4560 3023 4568 .
