3934 5359
1004 430 1165 510 208
1427 426 1586 510 DE
1652 426 2191 508 ECCLEsm
2259 422 2946 529 PARocfflALJ
3021 538 3031 546 .
3139 457 3145 461 ·
3306 439 3355 513 ,>

871 687 939 762 F
939 679 1148 758 ranei
1180 706 1299 757 cus
1348 678 1642 756 Venerio
1696 687 1874 757 Dux
1924 675 2231 756 tertium
2283 674 2622 755 Titulum
2679 673 3235 759 presbiteralem
3291 679 3373 759 in
3405 686 3564 764 'Ec-

931 882 1012 963 Η
1074 808 1113 859 c
1146 780 1288 882 esta
1383 789 1459 859 S.
1504 790 1564 884 J
1564 777 1818 860 oannis
1867 773 2416 878 Eleemofinarii
2467 774 2557 860 de
2597 775 2949 862 Rivoalto
3002 778 3357 885 instituit.

1717 1016 1968 1101 1554.
2036 1015 2114 1096 7.
2179 988 2724 1073 Novembris.

1190 1227 1276 1283 Ex
1314 1221 1635 1285 Tabulario
1674 1198 1936 1283 Eccleliae
1976 1227 2029 1282 S.
2067 1223 2298 1296 Joannis
2336 1218 2769 1283 Eleemofinarii
2809 1216 2878 1280 de
2918 1219 3225 1283 Rivoalto.

987 1418 1291 1477 Ranciscut
1345 1421 1589 1478 Venerio
1627 1418 1736 1478 Dei
1788 1420 1982 1498 gratia
2032 1425 2163 1480 Dux
2264 1419 2462 1480 eadem
2515 1418 2766 1481 Ecclesia
2819 1417 3151 1478 instituendi
3204 1437 3347 1477 unus
3401 1418 3549 1481 aliut

790 1558 800 1572 .
1014 1497 1379 1555 venetiarum
1418 1497 1528 1553 ἃς.
1579 1501 1859 1554 Decorem
1899 1498 1952 1552 δι
1994 1517 2164 1557 orna·
2266 1495 2910 1571 Praesbyteradtitulum
2927 1495 3383 1567 Praesbyteralem
3416 1517 3556 1570 ρω-

875 1585 1136 1629 mentum
1190 1575 1405 1629 Domus
1457 1575 1564 1629 Dei
1622 1573 1853 1631 intensis
1891 1588 2159 1646 optamus
2261 1574 2518 1632 sentetur
2547 1616 2566 1646 ,
2606 1577 2705 1651 qui
2745 1577 2801 1632 in
2847 1571 3044 1631 eadem
3086 1571 3334 1630 Ecclefia
3392 1576 3555 1644 juxta.

867 1643 1189 1719 affeRibus,
1234 1646 1617 1723 prasertimiu
1634 1648 1916 1720 ecclesiis,
1959 1651 2015 1706 in
2035 1652 2156 1726 qui·
2258 1651 2723 1708 consuetudinem
2764 1650 2818 1707 fle
2859 1649 3109 1720 statuta,
3150 1647 3560 1707 acordinatio·

869 1717 972 1778 bus
1011 1721 1286 1795 studium,
1325 1725 1379 1780 ἃ
1421 1723 1709 1784 solertiam
1751 1741 2014 1784 tenemur
2052 1726 2161 1784 ad-‘
2258 1747 2356 1784 nes
2396 1725 2628 1800 desuper
2667 1727 2852 1784 editas
2890 1724 3183 1783 celebrare
3211 1766 3232 1795 ,
3284 1724 3339 1781 ἃ
3382 1724 3554 1784 Altis-

864 1794 1061 1855 hibere
1090 1839 1106 1854 .
1160 1803 1305 1856 Cum
1346 1800 1541 1876 itaque
1582 1803 1699 1859 tria
1739 1819 2020 1876 perpetua
2062 1804 2155 1861 be·
2257 1804 2398 1862 fimo
2436 1801 2782 1862 famulatum
2824 1800 3091 1860 exhibete
3134 1816 3403 1862 teneatur
3434 1843 3452 1870 ,
3489 1802 3546 1858 Se

867 1871 1078 1933 neficia
1117 1873 1977 1950 ecclesiastica·Praesbyteratus
2014 1898 2154 1937 nun·
2256 1882 2464 1937 tertius
2505 1894 2868 1952 nuncupetur
2894 1921 2913 1948 ,
2966 1877 3290 1953 habeatque
3325 1919 3343 1949 ,
3385 1876 3438 1933 ἃ
3482 1875 3550 1936 fi-

863 1965 1077 2022 cupata
1132 1953 1191 2011 in
1246 1954 1431 2027 prima
1499 1951 1840 2011 fundatione
1895 1953 2151 2014 Ecclefiae
2254 1955 2476 2013 militet·
2530 1957 2811 2030 percipiat
2864 1952 3105 2013 ducatos
3161 1955 3454 2030 triginta,
3496 1955 3549 2012 ἀ

797 2040 807 2048 ·
860 2025 1049 2083 Ρῐὼίς
1101 2032 1154 2084 S.
1196 2035 1279 2100 Jo:
1323 2026 1748 2087 Eleemofinarii
1803 2028 1873 2087 de
1914 2032 2153 2088 Rivoal·
2254 2051 2362 2108 pro
2399 2032 2665 2090 omnibus
2722 2030 3100 2105 proventibus
3155 2029 3207 2086 8<
3265 2030 3548 2101 incertis,

861 2115 981 2173 to,
1032 2102 1192 2176 cujus
1230 2110 1666 2179 Juspatronatus
1722 2124 1893 2181 penes
1932 2111 2153 2166 Ducem
2253 2127 2324 2167 ac
2378 2127 2484 2184 pro
2537 2106 2800 2182 pensione
2855 2108 3056 2164 domus
3112 2105 3256 2163 alios
3310 2102 3550 2167 ducatos

860 2194 974 2253 pro
1015 2192 1275 2254 tempore
1331 2181 1663 2241 existentem
1717 2184 1828 2241 ess‘e
1863 2182 2154 2261 dignosci·
2256 2183 2484 2243 decem.
2526 2189 2622 2242 Ita
2663 2199 2855 2241 tamen
2874 2183 3027 2259 quod
3054 2198 3550 2258 occurrentequo·

862 2266 1000 2326 tur,
1039 2256 1200 2314 fuiss'e
1242 2256 1504 2316 instituta
1530 2259 2154 2336 evidentetappareat,
2257 2260 2522 2319 vismodo
2566 2261 2871 2319 vacatione
2910 2259 3191 2317 distortum
3246 2257 3552 2318 beneficia·

862 2327 1009 2388 licet
1065 2351 1101 2390 a
1156 2348 1412 2408 tempore
1452 2335 1602 2392 citra
1631 2377 1648 2406 ‚
1689 2334 1740 2391 ἃ
1782 2334 1854 2393 de
1897 2336 2156 2412 praesenti
2258 2350 2452 2394 torum
2490 2335 2691 2394 domus
2734 2341 2840 2411 pro
2894 2336 3254 2394 habitatione
3288 2333 3553 2397 ⁴‹lum-unt

859 2404 978 2464 duo
1019 2422 1246 2468 tantum
1305 2410 1632 2485 Praesbyteri
1673 2410 1916 2469 instituti
1973 2415 2030 2469 in
2087 2430 2157 2471 ea
2258 2428 2659 2488 reputatorum
2701 2414 2857 2471 inter
2896 2413 2949 2470 se
2992 2412 3153 2485 juxta
3193 2410 3418 2469 suarum
3472 2413 3552 2470 iu·

861 2487 1260 2558 reperiuntur,
1302 2485 1716 2564 Attentoquod
1744 2506 1893 2545 nunc
1910 2488 2156 2560 fruc‘tus,
2257 2490 2621 2548 stitutionum
2661 2488 2926 2548 ordinem
2965 2505 3173 2562 optat-e
3204 2529 3222 2558 ,
3263 2489 3316 2545 ἃ
3359 2485 3548 2545 conse·

863 2557 1167 2633 redditus,
1206 2562 1259 2620 Bt
1299 2580 1612 2638 proventus
1666 2563 1916 2638 ejusdem
1960 2564 2158 2623 Eccle·
2257 2568 2355 2641 qui
2413 2564 2607 2624 valeat
2637 2607 2653 2622 .
2721 2566 2879 2624 Adeo
2934 2562 3089 2641 quod
3145 2562 3358 2622 ultimo
3415 2564 3546 2620 loco

859 2633 947 2694 fiae
989 2636 1136 2697 adeo
1176 2640 1583 2713 excreverint,
1625 2655 1689 2698 ut
1727 2639 2155 2701 decenter'fine
2257 2641 2626 2717 praesentatut
2668 2643 2726 2700 in
2770 2661 2838 2701 ea
2877 2639 2993 2699 fine
3032 2641 3205 2699 domo
3243 2659 3375 2700 cum
3409 2658 3541 2714 pen·
3592 2651 3596 2656 ’

853 2709 1103 2771 aliorum
1146 2714 1472 2790 praejudicio
1512 2715 1748 2775 ecclelia
1802 2719 1860 2774 in
1903 2719 2002 2776 suo
2043 2718 2153 2778 sta·
2205 2713 2211 2724 ’
2256 2718 2408 2778 fione
2463 2735 2661 2777 tamen
2716 2718 2997 2776 dictorum
3051 2716 3395 2780 ducatorum
3449 2716 3546 2773 de-

864 2801 934 2845 tu
975 2788 1228 2861 restitui,
1270 2791 1321 2848 ἃ
1364 2793 1435 2850 ad
1464 2796 1836 2869 antiquorum
1865 2794 2150 2852 ministro·
2253 2814 2378 2854 cem
2423 2797 2543 2866 (ut
2582 2794 2810 2870 supra)
2853 2809 3182 2863 remaneat,
3222 2811 3291 2851 ac
3333 2792 3410 2851 fic
3454 2791 3547 2850 fie-

858 2881 986 2923 rum
1029 2884 1326 2925 numerum
1373 2870 1550 2945 redigi
1596 2868 1776 2943 potest
1805 2870 1876 2927 ad
1918 2869 2148 2929 laudem
2250 2874 2334 2943 ri,
2376 2891 2444 2930 ac
2486 2872 2776 2947 perpetuis
2818 2872 3025 2929 futuris
3068 2868 3424 2941 temporibus
3453 2870 3543 2924 in-

851 2933 1002 3013 Dei,
1043 2941 1095 2998 8<
1138 2943 1303 3017 ipfius
1347 2943 1605 3002 Eccleliae
1643 2943 1941 3016 decorem,
1983 2946 2037 3003 δι
2065 2947 2151 3004 di·
2248 2948 2608 3007 violabiliter
2661 2946 2948 3006 observari
3007 2944 3270 3005 volumus
3295 2987 3316 3015 ,
3368 2961 3542 3019 atque

860 3017 983 3073 vini
1026 3016 1213 3075 cultus
1256 3037 1659 3096 augmentum,
1699 3021 1990 3096 sequendo
2029 3023 2150 3080 sor·
2254 3025 2626 3084 mandamus.
2667 3029 2734 3082 In
2777 3041 3020 3099 quorum
3055 3020 3226 3081 fidem
3246 3020 3544 3094 praesentee

857 3107 1012 3148 mam
1069 3093 1434 3154 Indultorum
1489 3095 1938 3171 Apostolicorum
1994 3097 2152 3156 desu—
2253 3101 2414 3174 fieri,
2453 3120 2520 3158 ac
2561 3098 2732 3158 solito
2770 3100 2905 3158 Divi
2949 3099 3141 3168 Marci
3166 3097 3346 3173 sigillo
3389 3092 3544 3164 ‘'uffi-

858 3183 965 3240 pet·
1017 3171 1403 3230 concessorum
1459 3173 1788 3231 ordinamus
1817 3217 1835 3245 ,
1905 3189 1969 3231 ut
2022 3195 2150 3235 eam
2253 3196 2377 3236 mus
2419 3179 2799 3236 communiri.
2830 3180 3003 3235 Data:
3045 3177 3101 3230 in
3145 3172 3540 3231 nostroDuca-

785 3249 789 3255 '
859 3240 1233 3320 Presbyteri,
1270 3249 1369 3323 qui
1410 3248 1481 3305 ad
1528 3249 1758 3322 pra-sens
1802 3249 2046 3308 instituti
2090 3254 2148 3309 in
2253 3251 2295 3310 li
2344 3253 2565 3312 Palatio
2602 3252 2695 3310 die
2750 3253 2993 3327 septimo
3045 3249 3387 3307 Novembris
3446 3250 3540 3303 In-

860 3334 929 3377 ea
969 3324 1338 3395 reperiuntur
1364 3368 1382 3397 ,
1422 3344 1592 3400 quam
1678 3327 1734 3382 ui
1779 3345 1882 3399 pro
1924 3341 2151 3401 tempo·
2251 3329 2500 3387 dictione
2544 3329 2979 3388 tertiadecima.
3023 3325 3336 3385 Millefimo
3375 3324 3536 3400 quiu-

860 3413 923 3452 re
962 3413 1132 3454 erunt
1172 3399 1398 3478 lingulis
1442 3403 1606 3460 annis
1636 3346 1883 3460 tducatos
1944 3404 2152 3480 trigin-
2251 3404 2567 3487 gentefimo
2606 3403 3074 3483 quinquagesimo
3113 3417 3362 3480 quarto.

862 3485 926 3530 ta
979 3475 1353 3553 percipiant,
1410 3478 1463 3535 ἃ
1504 3477 1657 3557 quod
1707 3479 1778 3538 de
1835 3493 2035 3539 cetero
2088 3480 2149 3539 in
2541 3508 2547 3517 ·
3092 3509 3099 3517 ¹
