3934 5359
619 2205 1576 2324 ECCLESIA
1673 2091 2941 2324 PAROCHIALI

326 2432 1859 2585 SANCTORUM
1971 2437 3218 2603 MAURITII‚

807 2689 994 2796 ET
1081 2693 1770 2801 Somou-um
1857 2692 2755 2802 MARTYRUM.

819 2966 1242 3054 Nrtquum
1298 2964 1492 3043 Divi
1547 2964 1905 3052 Mauritii
1960 2964 2382 3068 Templum
2432 2988 2479 3043 a
2582 2981 2758 3042 ente
2792 2951 3128 3071 Gandig-

807 3168 815 3175 .
870 3092 971 3145 na
1039 3067 1855 3177 splendore-virtutum
1896 3123 1929 3165 ‚
1994 3068 2073 3148 &
2121 3091 2372 3148 rerum
2444 3091 2537 3167 ge
2602 3089 2817 3144 arum
2883 3059 3133 3162 glona

870 3169 1068 3266 apud
1112 3168 1453 3248 Venetos
1488 3168 1884 3249 clariffima
1924 3169 2300 3270 originem
2346 3167 2634 3247 duxisse
2672 3161 2980 3268 plurimi
3025 3180 3137 3238 te-

870 3267 1158 3346 stantur
1175 3293 1432 3345 rerum
1453 3272 1925 3348 Venetarum
1940 3269 2433 3368 Chronologi
2458 3326 2477 3345 .
2532 3271 2686 3347 Eos
2711 3269 2914 3344 inter
2927 3265 3134 3342 Ano·

478 3461 495 3477 .
574 3463 593 3481 ·
879 3393 928 3446 n
993 3368 1840 3467 musquiChronicon·‚
1879 3389 1962 3446 ut
1988 3363 3138 3468 saepedixi‚Saecu10X11Lexa-

429 3487 685 3562 ravit,
733 3494 891 3546 non
943 3469 1260 3546 olumin
1289 3469 1386 3544 D.
1418 3468 1769 3547 Mauritii
1797 3522 1829 3564 ‚
1875 3469 2367 3547 &Sociorum
2393 3467 2606 3566 ejus,
2649 3466 2772 3544 sed
2794 3458 3135 3541 etiamin

429 3564 510 3647 S.
551 3568 869 3647 Adriani
925 3568 1296 3650 honorem
1341 3568 1417 3647 in
1478 3570 1835 3669 primaeva
1857 3568 1967 3646 sui
2014 3567 2459 3647 fisndatione
2478 3558 3136 3646 dedicatamfisiffe

431 3666 750 3746 testatur
799 3668 922 3748 his
968 3672 1268 3750 verbis:
1315 3671 1841 3751 “candianus
1888 3670 2132 3748 multa
2186 3670 2477 3748 habens
2520 3688 2678 3747 erat
2705 3659 3137 3747 Patrocinia

427 3788 509 3864 ‚5
539 3768 643 3886 de,
683 3772 759 3848 S.
818 3770 1197 3850 Mauritio
1229 3826 1262 3868 ,
1328 3771 1409 3850 &
1454 3772 1695 3851 Sociis
1747 3772 1953 3870 ejus,
2001 3771 2081 3849 8<
2128 3770 2223 3849 de
2261 3771 2338 3847 S.
2380 3769 2722 3848 Adriano
2758 3821 2791 3863 ‚
2838 3763 2991 3866 ipse
3041 3758 3144 3838 ad

426 3920 488 3963 ‚‚
539 3882 809 3951 eorum
864 3873 1235 3955 honorem
1276 3872 1693 3952 Ecclefiam
1746 3872 1927 3952 fecit
1963 3928 1998 3970 ‚
2046 3872 2123 3950 8<
2172 3895 2490 3965 aurum,-
2539 3870 2615 3949 8<
2666 3892 2747 3946 ar
2801 3885 3069 3947 entum
3108 3911 3144 3957 ,

427 4022 491 4065 ‚‚
535 3970 612 4047 8<
663 3975 1240 4055 multitudinem
1289 3996 1662 4055 terrarum
1712 3974 1822 4055 ibi
1876 3972 2234 4055 conceffit
2283 3974 2380 4052 ad
2429 3973 2644 4049 suam
2679 4025 2710 4069 ,
2886 3984 3147 4068 paren·

424 4124 487 4169 ‚‚
537 4088 797 4188 torum
866 4077 1183 4155 salutem
1220 4080 1321 4154 “z
1389 4079 1493 4155 Et
1544 4078 1763 4158 Divo
1811 4079 2105 4156 Lazaro
2176 4071 2624 4155 Maffi'lienfi
2693 4069 3067 4186 Episcopo
3108 4113 3146 4156 ‚

424 4196 658 4270 quem
716 4195 797 4252 m
838 4177 1271 4276 Evangelio·
1313 4178 1638 4276 legimus
1677 4208 1725 4258 a
1763 4181 2114 4259 Domino
2156 4178 2641 4268 suscitatum,
2690 4172 2888 4250 011m
2908 4167 3155 4244 sacra-·

426 4292 593 4351 tam
661 4271 878 4352 fuisse
930 4277 1261 4356 referunt
1335 4279 1698 4357 nonnulli
1769 4280 2100 4358 minoris
2148 4299 2352 4355 notae
2418 4273 2734 4366 libelli,
2808 4285 3145 4369 quorum

427 4372 727 4456 ass'ertio
782 4376 975 4454 nulli
1050 4379 1321 4455 innixa
1366 4378 1840 4458 documento·
1907 4404 2006 4457 ex
2055 4403 2152 4456 eo
2200 4377 2436 4456 etiarn
2511 4371 2916 4473 rejicienda
2968 4363 3072 4447 est
3106 4417 3142 4462 ‚.

428 4477 647 4574 qnod
675 4476 1009 4560 Ecclefia
1052 4477 1211 4580 ipsa
1247 4479 1551 4560 nullam
1587 4480 1678 4561 de
1723 4478 1940 4559 Divo
1982 4475 2739 4660 hcsscbsglemnitatem
2782 4469 3045 4651 agitfix

1895 4614 1899 4622 ·
2360 4605 2411 4656 2
